46870116	1511754573	buy	1077017.0	0.005
46870117	1511754573	sell	1077016.0	0.026
46870118	1511754573	sell	1077014.0	0.002
46870119	1511754573	buy	1077017.0	0.0155
46870120	1511754574	sell	1077014.0	0.02513869
46870121	1511754574	sell	1076823.0	0.00636484
46870122	1511754574	buy	1077002.0	0.009
46870123	1511754575	sell	1076940.0	0.0118
46870124	1511754577	sell	1076946.0	0.01
46870125	1511754578	sell	1076946.0	0.045
46870126	1511754578	sell	1076946.0	0.029
46870127	1511754580	sell	1076946.0	0.0006
46870129	1511754580	sell	1076940.0	0.0182
46870128	1511754580	sell	1076945.0	0.01
46870130	1511754580	buy	1076900.0	0.126617
46870133	1511754580	buy	1077005.0	0.0265737
46870131	1511754580	buy	1076900.0	0.1813038
46870132	1511754580	buy	1076996.0	0.016
46870135	1511754580	sell	1076713.0	0.018321
46870134	1511754580	sell	1076740.0	0.005
46870137	1511754581	sell	1076693.0	0.1
46870136	1511754581	sell	1076713.0	0.092079
46870138	1511754581	sell	1076688.0	0.046438
46870142	1511754581	sell	1076500.0	0.11037282
46870143	1511754581	sell	1076500.0	0.02043093
46870140	1511754581	sell	1076629.0	0.005
46870139	1511754581	sell	1076672.0	0.03
46870141	1511754581	sell	1076608.0	1.5
46870145	1511754582	sell	1076504.0	0.05027853
46870144	1511754582	sell	1076718.0	0.01
46870146	1511754582	sell	1076501.0	0.001
46870148	1511754582	sell	1076508.0	0.01
46870147	1511754582	sell	1076509.0	0.01
46870159	1511754583	buy	1076508.0	0.07
46870158	1511754583	buy	1076508.0	0.07
46870160	1511754583	buy	1076508.0	0.07
46870161	1511754583	buy	1076508.0	0.07
46870162	1511754583	buy	1076508.0	0.02
46870163	1511754583	buy	1076508.0	0.07
46870164	1511754583	buy	1076508.0	0.05
46870149	1511754583	sell	1076517.0	0.02
46870150	1511754583	sell	1076517.0	0.07
46870151	1511754583	sell	1076517.0	0.07
46870165	1511754583	buy	1076717.0	0.01
46870156	1511754583	sell	1076512.0	0.07
46870154	1511754583	sell	1076512.0	0.07
46870166	1511754583	buy	1076779.0	0.02
46870155	1511754584	sell	1076512.0	0.07
46870153	1511754584	sell	1076517.0	0.07
46870157	1511754584	sell	1076512.0	0.07
46870152	1511754584	sell	1076517.0	0.07
46870167	1511754584	sell	1076517.0	0.02
46870169	1511754584	sell	1076517.0	0.02
46870170	1511754584	sell	1076517.0	0.05
46870168	1511754584	sell	1076517.0	0.05
46870174	1511754584	sell	1076517.0	0.03
46870171	1511754584	sell	1076517.0	0.02
46870180	1511754584	sell	1076517.0	0.04972147
46870178	1511754584	sell	1076517.0	0.07
46870179	1511754584	sell	1076517.0	0.02027853
46870175	1511754584	sell	1076517.0	0.00972147
46870177	1511754584	sell	1076517.0	0.02
46870182	1511754584	buy	1076503.0	0.02027853
46870181	1511754584	buy	1076503.0	0.07
46870172	1511754584	sell	1076517.0	0.07
46870176	1511754584	sell	1076517.0	0.07
46870173	1511754584	sell	1076517.0	0.03027853
46870183	1511754584	sell	1076569.0	0.0239
46870184	1511754584	sell	1076521.0	0.00834617
46870185	1511754584	buy	1076674.0	0.04055258
46870186	1511754585	buy	1076637.0	0.006
46870187	1511754585	buy	1076643.0	0.024
46870188	1511754585	buy	1076643.0	0.02
46870191	1511754586	sell	1076500.0	0.2795
46870190	1511754586	sell	1076530.0	0.01
46870189	1511754586	buy	1076643.0	0.012
46870194	1511754586	buy	1076638.0	0.024
46870193	1511754586	buy	1076638.0	0.00027853
46870192	1511754586	buy	1076638.0	0.06972147
46870196	1511754586	buy	1076638.0	0.036
46870195	1511754586	buy	1076632.0	0.04
46870204	1511754586	buy	1076972.0	0.47657484
46870201	1511754586	buy	1076742.0	0.1104
46870200	1511754586	buy	1076674.0	0.03244742
46870197	1511754586	buy	1076638.0	0.20536131
46870203	1511754586	buy	1076971.0	0.92843226
46870199	1511754586	buy	1076638.0	0.07
46870198	1511754586	buy	1076638.0	0.05434617
46870202	1511754586	buy	1076888.0	0.046438
46870205	1511754586	sell	1076505.0	0.01
46870206	1511754586	sell	1076500.0	0.00006907
46870207	1511754586	sell	1076482.0	0.1
46870212	1511754586	buy	1076638.0	0.02
46870210	1511754586	buy	1076627.0	0.00972147
46870208	1511754586	buy	1076480.0	0.596
46870211	1511754586	buy	1076633.0	0.14
46870213	1511754586	sell	1076648.0	0.19
46870214	1511754586	sell	1076648.0	0.09027853
46870215	1511754586	sell	1076648.0	0.00827853
46870216	1511754586	buy	1077114.0	0.08987999
46870217	1511754586	sell	1076648.0	0.14
46870209	1511754586	buy	1076500.0	0.08993093
46870218	1511754586	sell	1076648.0	0.005
46870220	1511754587	sell	1076745.0	0.04681625
46870219	1511754587	sell	1076749.0	0.06
46870221	1511754587	sell	1076749.0	0.02226496
46870224	1511754588	buy	1076955.0	0.1
46870225	1511754588	buy	1076960.0	0.005
46870229	1511754588	buy	1077114.0	0.02713869
46870223	1511754588	buy	1076950.0	0.06
46870227	1511754588	buy	1077114.0	0.07892553
46870226	1511754588	buy	1076968.0	0.17334572
46870228	1511754588	buy	1077114.0	0.10271531
46870222	1511754588	buy	1076950.0	0.02226496
46870230	1511754588	buy	1077212.0	0.55999579
46870231	1511754588	sell	1076754.0	0.1
46870232	1511754588	sell	1076754.0	0.01
46870233	1511754588	sell	1076750.0	0.6444
46870234	1511754588	sell	1076750.0	0.74923678
46870235	1511754589	sell	1076811.0	0.005
46870239	1511754589	sell	1076746.0	0.046436
46870238	1511754589	sell	1076756.0	0.1
46870242	1511754589	sell	1076242.0	0.06938477
46870240	1511754589	sell	1076745.0	0.08498375
46870236	1511754589	sell	1076808.0	0.01
46870237	1511754589	sell	1076805.0	0.17919548
46870241	1511754589	sell	1076314.0	0.005
46870243	1511754590	sell	1076812.0	0.005
46870244	1511754590	sell	1076713.0	0.2988364
46870245	1511754590	sell	1076243.0	0.1961636
46870246	1511754590	sell	1076815.0	0.048
46870248	1511754591	sell	1076282.0	0.00929636
46870247	1511754591	buy	1076612.0	0.25
46870249	1511754592	buy	1076584.0	0.03
46870250	1511754593	sell	1076514.0	0.01
46870253	1511754594	sell	1076250.0	0.36383219
46870255	1511754594	sell	1076166.0	0.0084
46870261	1511754594	sell	1076010.0	0.1916
46870254	1511754594	sell	1076248.0	1.5
46870257	1511754594	sell	1076101.0	0.3
46870262	1511754594	sell	1076009.0	3.87366644
46870252	1511754594	sell	1076500.0	0.005
46870256	1511754594	sell	1076161.0	0.03
46870251	1511754594	sell	1076514.0	0.1004
46870258	1511754594	sell	1076100.0	2.17391137
46870259	1511754594	sell	1076090.0	0.5
46870260	1511754594	sell	1076010.0	0.0305
46870263	1511754594	buy	1076500.0	0.03
46870264	1511754595	buy	1076439.0	0.0091
46870265	1511754595	buy	1076439.0	0.00999943
46870267	1511754596	sell	1076136.0	0.07
46870266	1511754596	sell	1076136.0	0.02
46870273	1511754596	sell	1076124.0	11.9962316
46870268	1511754596	sell	1076136.0	0.07
46870271	1511754596	sell	1076136.0	0.07
46870270	1511754596	sell	1076136.0	0.07
46870269	1511754596	sell	1076136.0	0.07
46870272	1511754596	sell	1076136.0	0.02
46870274	1511754596	sell	1076378.0	0.012
46870275	1511754597	sell	1076125.0	0.05
46870276	1511754599	buy	1076227.0	0.05
46870277	1511754599	sell	1076125.0	0.25
46870278	1511754599	sell	1076125.0	0.4968
46870279	1511754599	buy	1076218.0	0.121
46870280	1511754600	sell	1076145.0	0.3908
46870281	1511754600	sell	1076125.0	0.3564
46870282	1511754600	buy	1076195.0	0.0429
46870283	1511754600	sell	1076125.0	0.1
46870284	1511754600	buy	1076185.0	0.012
46870285	1511754601	buy	1076174.0	0.07
46870290	1511754602	buy	1076170.0	0.203
46870291	1511754602	buy	1076180.0	0.03
46870292	1511754602	buy	1076180.0	0.3755
46870288	1511754602	buy	1076169.0	0.07
46870287	1511754602	buy	1076169.0	0.04
46870286	1511754602	buy	1076169.0	0.07
46870289	1511754602	buy	1076169.0	0.07
46870293	1511754602	sell	1076125.0	0.3
46870294	1511754603	buy	1076173.0	0.0091
46870295	1511754603	buy	1076163.0	0.03
46870297	1511754604	sell	1076125.0	0.2468
46870296	1511754604	sell	1076130.0	0.016
46870298	1511754604	sell	1076009.0	0.12633356
46870300	1511754604	sell	1076000.0	0.07296644
46870299	1511754604	sell	1076001.0	0.005
46870301	1511754604	buy	1076158.0	0.04
46870303	1511754604	buy	1076163.0	0.01
46870304	1511754604	buy	1076172.0	0.005
46870305	1511754604	buy	1076177.0	0.1
46870302	1511754604	buy	1076158.0	0.0489
46870306	1511754604	buy	1076180.0	0.0554
46870308	1511754604	buy	1076159.0	0.05
46870307	1511754604	buy	1076159.0	0.03
46870309	1511754605	buy	1076159.0	0.0113
46870310	1511754605	buy	1076162.0	1.0975
46870311	1511754605	buy	1076162.0	0.0100001
46870312	1511754605	sell	1076028.0	0.036569
46870313	1511754605	sell	1076028.0	0.021029
46870315	1511754605	sell	1076005.0	0.01
46870316	1511754605	sell	1076002.0	0.038398
46870314	1511754605	sell	1076028.0	0.192402
46870317	1511754605	buy	1076162.0	0.08
46870318	1511754605	buy	1076162.0	0.0124999
46870320	1511754605	buy	1076444.0	0.4803001
46870319	1511754605	buy	1076180.0	0.0072
46870322	1511754606	sell	1076033.0	0.0094
46870321	1511754606	sell	1076044.0	0.1104
46870324	1511754606	buy	1076443.0	0.08397052
46870323	1511754606	buy	1076157.0	0.016
46870326	1511754606	buy	1076444.0	0.21408601
46870325	1511754606	buy	1076443.0	0.03582948
46870327	1511754606	sell	1076163.0	0.009
46870329	1511754607	buy	1076055.0	0.0186
46870328	1511754607	sell	1076163.0	0.001
46870330	1511754607	buy	1076055.0	0.07
46870331	1511754607	buy	1076055.0	0.07
46870332	1511754607	buy	1076055.0	0.02
46870333	1511754607	buy	1076055.0	0.07
46870336	1511754607	buy	1076073.0	0.0408
46870334	1511754607	buy	1076055.0	0.0004
46870335	1511754607	buy	1076073.0	0.0696
46870339	1511754607	sell	1076167.0	0.07
46870338	1511754607	sell	1076167.0	0.0408
46870343	1511754607	sell	1076167.0	0.02
46870337	1511754607	sell	1076167.0	0.0292
46870341	1511754607	sell	1076167.0	0.0292
46870342	1511754607	sell	1076167.0	0.0408
46870340	1511754607	sell	1076167.0	0.0408
46870344	1511754607	buy	1076050.0	0.07
46870345	1511754607	buy	1076050.0	0.02
46870346	1511754607	buy	1076050.0	0.02
46870347	1511754607	buy	1076050.0	0.06
46870350	1511754607	buy	1076050.0	0.01
46870349	1511754607	buy	1076050.0	0.0292
46870348	1511754608	buy	1076050.0	0.01
46870351	1511754608	sell	1076233.0	0.017
46870352	1511754608	sell	1076142.0	0.063
46870353	1511754608	sell	1076142.0	0.0492
46870355	1511754608	sell	1076142.0	0.0392
46870356	1511754608	sell	1076175.0	0.063
46870357	1511754608	sell	1076175.0	0.005
46870354	1511754608	sell	1076142.0	0.0308
46870358	1511754609	sell	1076175.0	0.0408
46870359	1511754609	buy	1076424.0	0.08
46870360	1511754609	buy	1076424.0	0.02600962
46870361	1511754610	sell	1076267.0	0.017
46870362	1511754610	sell	1076216.0	0.005
46870364	1511754610	sell	1076002.0	0.2366
46870363	1511754610	sell	1076188.0	0.026
46870367	1511754612	sell	1076015.0	0.004
46870366	1511754612	sell	1076015.0	0.07
46870365	1511754612	sell	1076016.0	0.01
46870368	1511754614	buy	1076181.0	0.0493726
46870370	1511754614	sell	1076005.0	0.01
46870369	1511754614	sell	1076061.0	0.012
46870371	1511754614	sell	1076000.0	0.078
46870376	1511754615	sell	1076000.0	0.1
46870372	1511754615	sell	1076000.0	0.13510635
46870375	1511754615	sell	1076000.0	0.51456986
46870374	1511754615	sell	1076000.0	0.00929368
46870373	1511754615	sell	1076000.0	0.005
46870377	1511754615	buy	1076181.0	0.049
46870379	1511754616	sell	1076000.0	0.39091285
46870378	1511754616	sell	1076000.0	0.10908715
46870381	1511754617	buy	1076163.0	0.1088
46870382	1511754617	buy	1076185.0	0.00002403
46870380	1511754617	buy	1076153.0	0.0208
46870383	1511754618	buy	1076138.0	0.07
46870385	1511754618	buy	1076162.0	0.0941
46870384	1511754618	buy	1076138.0	0.036
46870386	1511754619	buy	1076143.0	0.02
46870387	1511754619	buy	1076143.0	0.00461479
46870390	1511754624	sell	1076123.0	0.025436
46870389	1511754624	sell	1076162.0	0.005
46870388	1511754624	sell	1076166.0	0.016
46870393	1511754624	buy	1076315.0	0.016
46870399	1511754624	buy	1076686.0	0.3
46870391	1511754624	buy	1076278.0	0.01638521
46870400	1511754624	buy	1076813.0	0.2988364
46870401	1511754624	buy	1076827.0	0.03
46870404	1511754624	buy	1076960.0	0.07012975
46870394	1511754625	buy	1076320.0	0.03790143
46870403	1511754625	buy	1076936.0	0.3
46870398	1511754625	buy	1076684.0	0.6
46870402	1511754625	buy	1076929.0	0.45
46870392	1511754625	buy	1076293.0	0.03
46870395	1511754625	buy	1076444.0	0.80561389
46870396	1511754625	buy	1076500.0	0.01663332
46870406	1511754625	buy	1076443.0	0.00968195
46870405	1511754625	sell	1076199.0	0.01
46870397	1511754625	buy	1076613.0	0.03
46870415	1511754626	sell	1076423.0	0.03
46870407	1511754626	sell	1076419.0	0.3
46870409	1511754626	sell	1076222.0	0.12
46870414	1511754626	sell	1076207.0	0.0074
46870413	1511754626	sell	1076207.0	0.12
46870416	1511754626	sell	1076423.0	0.068
46870410	1511754626	sell	1076222.0	0.12
46870408	1511754626	sell	1076222.0	0.02
46870411	1511754626	sell	1076222.0	0.12
46870412	1511754626	sell	1076207.0	0.12
46870417	1511754626	buy	1076433.0	0.00929505
46870418	1511754626	sell	1076427.0	0.03
46870419	1511754627	buy	1076428.0	0.03
46870421	1511754627	sell	1076486.0	0.12
46870420	1511754627	sell	1076486.0	0.01201778
46870422	1511754627	sell	1076486.0	0.01
46870423	1511754627	sell	1076460.0	0.0735
46870424	1511754628	sell	1076460.0	0.003
46870425	1511754628	sell	1076503.0	0.0062
46870426	1511754628	sell	1076503.0	0.1768
46870427	1511754629	buy	1076427.0	0.005
46870428	1511754629	sell	1076333.0	0.01
46870429	1511754629	buy	1076427.0	0.01857571
46870430	1511754631	buy	1076294.0	0.017
46870431	1511754632	sell	1076228.0	0.03
46870433	1511754633	sell	1076223.0	0.005
46870432	1511754633	sell	1076228.0	0.016458
46870434	1511754633	sell	1076165.0	0.016
46870435	1511754633	sell	1076051.0	0.04484826
46870436	1511754634	buy	1076216.0	0.12
46870437	1511754634	buy	1076230.0	0.1
46870439	1511754634	buy	1076304.0	0.03
46870440	1511754634	buy	1076385.0	0.29973225
46870441	1511754634	buy	1076426.0	0.01
46870442	1511754634	buy	1076427.0	1.29962429
46870444	1511754634	buy	1076675.0	0.005
46870443	1511754634	buy	1076540.0	0.03
46870445	1511754634	buy	1076870.0	0.00664345
46870438	1511754634	buy	1076236.0	0.1
46870446	1511754634	sell	1076006.0	0.01
46870447	1511754634	sell	1076004.0	0.00857571
46870448	1511754634	sell	1076124.0	0.022
46870449	1511754636	buy	1076201.0	0.24
46870450	1511754636	sell	1076211.0	0.1147
46870451	1511754638	sell	1076162.0	0.01
46870452	1511754638	buy	1076422.0	0.005
46870453	1511754638	buy	1076794.0	0.00222657
46870454	1511754639	sell	1076270.0	0.03
46870455	1511754639	sell	1076270.0	0.046458
46870456	1511754640	sell	1076275.0	0.0031659
46870457	1511754641	sell	1076171.0	0.01
46870458	1511754641	sell	1076275.0	0.01
46870459	1511754641	sell	1076171.0	0.07
46870460	1511754641	sell	1076171.0	0.0068
46870472	1511754644	buy	1076202.0	0.06
46870471	1511754644	buy	1076202.0	0.06
46870473	1511754644	buy	1076202.0	0.06
46870477	1511754644	buy	1076202.0	0.02
46870463	1511754644	sell	1076210.0	0.06
46870466	1511754644	sell	1076210.0	0.06
46870465	1511754644	sell	1076210.0	0.02
46870462	1511754644	sell	1076210.0	0.06
46870467	1511754644	sell	1076210.0	0.06
46870461	1511754644	sell	1076210.0	0.06
46870479	1511754644	buy	1076202.0	0.06
46870470	1511754644	sell	1076210.0	0.06
46870468	1511754644	sell	1076210.0	0.06
46870469	1511754644	sell	1076210.0	0.06
46870478	1511754644	buy	1076202.0	0.06
46870476	1511754644	buy	1076202.0	0.06
46870464	1511754644	sell	1076210.0	0.06
46870475	1511754644	sell	1076173.0	0.048541
46870474	1511754644	sell	1076195.0	0.046459
46870481	1511754644	buy	1076202.0	0.06
46870480	1511754644	sell	1076173.0	0.01063516
46870482	1511754644	buy	1076202.0	0.024
46870484	1511754644	sell	1076214.0	0.06
46870483	1511754644	sell	1076214.0	0.06
46870485	1511754644	sell	1076214.0	0.06
46870489	1511754644	sell	1076214.0	0.0217
46870488	1511754644	sell	1076214.0	0.0383
46870486	1511754644	sell	1076214.0	0.06
46870487	1511754645	sell	1076214.0	0.02
46870490	1511754645	sell	1076210.0	0.036
46870491	1511754645	sell	1076174.0	0.1399321
46870492	1511754645	sell	1076174.0	0.1399321
46870493	1511754645	sell	1076150.0	0.0184358
46870494	1511754645	buy	1076197.0	0.06
46870495	1511754645	buy	1076197.0	0.06
46870496	1511754645	buy	1076197.0	0.06
46870500	1511754645	buy	1076197.0	0.05999505
46870499	1511754645	buy	1076197.0	0.00000495
46870497	1511754645	buy	1076197.0	0.00000495
46870498	1511754645	buy	1076197.0	0.01999505
46870503	1511754645	buy	1076197.0	0.00000495
46870504	1511754645	buy	1076197.0	0.05999505
46870502	1511754645	buy	1076197.0	0.05999505
46870501	1511754645	buy	1076197.0	0.00000495
46870505	1511754645	sell	1076150.0	0.00437844
46870506	1511754645	sell	1076150.0	0.07718576
46870507	1511754645	sell	1076005.0	0.24972308
46870508	1511754645	sell	1076003.0	0.03
46870509	1511754646	sell	1076003.0	0.01
46870510	1511754647	sell	1076002.0	0.48739987
46870511	1511754647	sell	1076000.0	0.01192715
46870512	1511754647	sell	1076000.0	0.00067298
46870543	1511754648	buy	1075462.0	0.10504474
46870546	1511754648	sell	1075460.0	0.13
46870544	1511754648	sell	1075736.0	0.19495526
46870547	1511754648	sell	1075460.0	0.005
46870545	1511754648	sell	1075461.0	0.30504474
46870548	1511754648	sell	1075460.0	0.18000495
46870514	1511754648	sell	1076000.0	0.005
46870517	1511754648	sell	1076000.0	1.0
46870515	1511754648	sell	1076000.0	0.05
46870516	1511754648	sell	1076000.0	0.01667657
46870513	1511754648	sell	1076000.0	0.29932702
46870521	1511754648	sell	1076000.0	0.005
46870523	1511754648	sell	1076000.0	0.03
46870525	1511754648	sell	1075847.0	0.0103097
46870522	1511754648	sell	1076000.0	0.00929368
46870529	1511754649	sell	1075716.0	0.005
46870533	1511754649	sell	1075605.0	0.19804566
46870526	1511754649	sell	1075754.0	0.3
46870519	1511754649	sell	1076000.0	0.05
46870524	1511754649	sell	1075988.0	0.065
46870518	1511754649	sell	1076000.0	0.09665427
46870538	1511754649	sell	1075500.0	0.3
46870541	1511754649	sell	1075465.0	0.29125036
46870528	1511754649	sell	1075716.0	0.00642
46870542	1511754649	sell	1075462.0	1.5
46870531	1511754649	sell	1075676.0	1.5
46870537	1511754649	sell	1075500.0	0.015
46870520	1511754649	sell	1076000.0	2.001
46870532	1511754649	sell	1075659.0	0.45
46870534	1511754649	sell	1075568.0	0.005
46870540	1511754649	sell	1075470.0	0.5
46870536	1511754649	sell	1075504.0	0.1732
46870539	1511754649	sell	1075490.0	0.29125036
46870527	1511754649	sell	1075736.0	0.3
46870535	1511754649	sell	1075566.0	1.27873764
46870530	1511754649	sell	1075685.0	0.005
46870549	1511754649	sell	1075462.0	0.09272807
46870553	1511754649	sell	1075460.0	0.063
46870551	1511754649	sell	1075460.0	0.3
46870554	1511754649	sell	1075460.0	0.01753496
46870552	1511754649	sell	1075460.0	0.06
46870550	1511754649	sell	1075462.0	0.01227193
46870555	1511754649	sell	1075460.0	0.0623
46870556	1511754649	buy	1075457.0	0.12
46870558	1511754649	sell	1075500.0	0.06
46870557	1511754649	buy	1075462.0	0.02472807
46870559	1511754649	sell	1075500.0	0.04527193
46870560	1511754649	buy	1075457.0	0.02
46870561	1511754649	buy	1075457.0	0.11472807
46870563	1511754649	sell	1075464.0	0.17
46870562	1511754649	sell	1075464.0	0.05527193
46870564	1511754649	sell	1075464.0	0.05217802
46870566	1511754649	sell	1075464.0	0.06217802
46870567	1511754649	sell	1075464.0	0.02790929
46870565	1511754649	sell	1075464.0	0.11782198
46870568	1511754649	sell	1075464.0	0.056
46870569	1511754649	sell	1075464.0	0.02391269
46870570	1511754649	sell	1075464.0	0.02515129
46870571	1511754649	sell	1075464.0	0.02
46870574	1511754649	sell	1075464.0	0.11472807
46870572	1511754649	sell	1075464.0	0.12484871
46870573	1511754649	sell	1075464.0	0.04515129
46870578	1511754649	sell	1075443.0	0.11987936
46870575	1511754649	sell	1075464.0	0.01012064
46870577	1511754649	sell	1075464.0	0.13012064
46870576	1511754649	sell	1075464.0	0.03987936
46870579	1511754650	buy	1075452.0	0.105
46870581	1511754650	sell	1075450.0	0.016
46870582	1511754650	sell	1075443.0	1.984
46870580	1511754650	buy	1075452.0	0.08
46870583	1511754650	buy	1075452.0	0.08
46870584	1511754650	buy	1075452.0	0.08
46870585	1511754650	buy	1075452.0	0.08
46870588	1511754650	buy	1075452.0	0.01472807
46870589	1511754650	buy	1075452.0	0.02
46870586	1511754650	buy	1075452.0	0.01
46870590	1511754650	buy	1075452.0	0.08
46870592	1511754650	buy	1075452.0	0.01
46870591	1511754650	buy	1075452.0	0.04515129
46870587	1511754650	buy	1075452.0	0.05527193
46870593	1511754650	sell	1075468.0	0.02
46870594	1511754650	sell	1075468.0	0.00484871
46870595	1511754650	buy	1075447.0	0.01
46870597	1511754650	buy	1075450.0	0.00987947
46870596	1511754650	buy	1075447.0	0.00012064
46870598	1511754650	sell	1075444.0	0.00515129
46870600	1511754650	buy	1075485.0	0.14905763
46870599	1511754650	buy	1075450.0	0.03112053
46870601	1511754650	sell	1075444.0	0.08
46870603	1511754651	sell	1075444.0	0.10094237
46870602	1511754651	sell	1075444.0	0.05515129
46870605	1511754651	buy	1075450.0	0.019
46870606	1511754651	buy	1075485.0	0.01
46870604	1511754651	buy	1075445.0	0.08
46870608	1511754651	sell	1075599.0	0.08
46870607	1511754651	sell	1075599.0	0.08
46870609	1511754651	sell	1075599.0	0.08
46870611	1511754651	sell	1075444.0	0.08984871
46870610	1511754651	sell	1075599.0	0.6718
46870613	1511754652	sell	1075444.0	0.08267989
46870612	1511754652	buy	1075457.0	0.03
46870615	1511754653	sell	1075444.0	0.0011391
46870614	1511754653	sell	1075444.0	0.024
46870617	1511754653	buy	1075793.0	0.01
46870618	1511754653	buy	1075799.0	0.03997447
46870616	1511754653	buy	1075456.0	0.14002553
46870619	1511754653	sell	1075444.0	0.19664
46870620	1511754653	buy	1075446.0	0.02
46870621	1511754653	buy	1075446.0	0.00693107
46870622	1511754654	sell	1075448.0	0.00693107
46870623	1511754654	sell	1075444.0	0.09298485
46870624	1511754654	sell	1075444.0	0.00693107
46870625	1511754654	buy	1075445.0	0.01
46870630	1511754655	buy	1075445.0	0.0069
46870629	1511754655	sell	1075251.0	1.19046857
46870627	1511754655	sell	1075371.0	0.005
46870626	1511754655	sell	1075444.0	0.76453143
46870631	1511754655	buy	1075445.0	0.010005
46870628	1511754655	sell	1075252.0	0.04
46870632	1511754655	buy	1075445.0	0.09
46870633	1511754655	buy	1075445.0	0.044095
46870634	1511754655	sell	1075448.0	0.005
46870635	1511754655	sell	1075448.0	0.040905
46870636	1511754655	sell	1075448.0	0.049095
46870637	1511754655	sell	1075448.0	0.049095
46870638	1511754655	sell	1075448.0	0.040905
46870639	1511754655	sell	1075447.0	0.008095
46870640	1511754655	sell	1075447.0	0.000305
46870641	1511754655	sell	1075424.0	0.005
46870642	1511754655	sell	1075252.0	0.00399005
46870643	1511754656	sell	1075452.0	0.07
46870645	1511754656	sell	1075451.0	0.04496383
46870644	1511754656	sell	1075452.0	0.02
46870655	1511754656	buy	1075445.0	0.08
46870656	1511754656	buy	1075445.0	0.021
46870647	1511754656	sell	1075456.0	0.08
46870646	1511754656	sell	1075456.0	0.08
46870649	1511754656	sell	1075456.0	0.08
46870650	1511754656	sell	1075456.0	0.02
46870653	1511754656	sell	1075448.0	0.012
46870652	1511754656	sell	1075456.0	0.08
46870654	1511754656	sell	1075445.0	0.01
46870648	1511754656	sell	1075456.0	0.08
46870651	1511754656	sell	1075456.0	0.08
46870658	1511754656	buy	1075779.0	0.00590263
46870657	1511754656	buy	1075705.0	0.022
46870659	1511754657	sell	1075461.0	0.022
46870660	1511754657	sell	1075465.0	0.0232
46870671	1511754658	sell	1075469.0	0.0116
46870672	1511754658	buy	1075642.0	0.01
46870674	1511754658	buy	1075690.0	0.0267903
46870673	1511754658	buy	1075690.0	0.04319237
46870661	1511754658	sell	1075470.0	0.01
46870664	1511754658	sell	1075469.0	0.06
46870667	1511754658	sell	1075461.0	0.078
46870662	1511754658	sell	1075469.0	0.06
46870663	1511754658	sell	1075469.0	0.06
46870666	1511754658	sell	1075466.0	0.005
46870669	1511754658	sell	1075320.0	0.1
46870668	1511754658	sell	1075444.0	0.2992168
46870670	1511754658	sell	1075319.0	1.2677832
46870665	1511754658	sell	1075469.0	0.06
46870681	1511754658	sell	1075474.0	0.06
46870675	1511754658	sell	1075474.0	0.06
46870677	1511754658	sell	1075474.0	0.06
46870680	1511754658	sell	1075474.0	0.06
46870676	1511754658	sell	1075474.0	0.06
46870678	1511754658	sell	1075474.0	0.06
46870679	1511754658	sell	1075474.0	0.02
46870682	1511754658	sell	1075319.0	0.0116932
46870683	1511754659	buy	1075453.0	0.09641161
46870690	1511754659	sell	1075458.0	0.14
46870684	1511754659	buy	1075453.0	0.06
46870692	1511754659	sell	1075458.0	0.1834853
46870689	1511754659	buy	1075453.0	0.08
46870688	1511754659	buy	1075453.0	0.04
46870691	1511754659	sell	1075458.0	0.0166
46870687	1511754659	buy	1075453.0	0.2042097
46870685	1511754659	buy	1075453.0	0.215705
46870686	1511754659	buy	1075453.0	0.06
46870694	1511754659	buy	1075448.0	0.04358839
46870697	1511754659	sell	1075336.0	0.07687828
46870695	1511754659	buy	1075462.0	0.1
46870693	1511754659	buy	1075448.0	0.1065147
46870696	1511754659	buy	1075463.0	0.04989691
46870698	1511754660	buy	1075420.0	0.047
46870699	1511754660	buy	1075448.0	0.036
46870700	1511754660	buy	1075451.0	0.017
46870701	1511754660	sell	1075336.0	0.02366877
46870702	1511754660	buy	1075415.0	0.01
46870703	1511754660	buy	1075415.0	0.0777
46870704	1511754660	buy	1075416.0	0.01000032
46870705	1511754660	sell	1075336.0	0.00995295
46870708	1511754660	sell	1075320.0	0.1
46870706	1511754660	sell	1075325.0	0.016
46870707	1511754660	sell	1075320.0	1.5
46870709	1511754660	sell	1075251.0	0.37404705
46870710	1511754660	buy	1075438.0	0.01
46870711	1511754660	buy	1075438.0	0.01000018
46870713	1511754660	buy	1075462.0	0.0177751
46870712	1511754660	buy	1075438.0	0.03
46870714	1511754661	buy	1075415.0	0.005
46870717	1511754661	buy	1075544.0	0.21497845
46870715	1511754661	buy	1075433.0	0.08
46870718	1511754661	buy	1075396.0	0.038
46870719	1511754661	buy	1075450.0	0.08117336
46870716	1511754661	buy	1075445.0	0.1
46870722	1511754661	sell	1075256.0	0.01
46870720	1511754661	buy	1075450.0	0.01882664
46870721	1511754661	buy	1075457.0	0.02837336
46870723	1511754661	sell	1075251.0	0.00853459
46870724	1511754661	sell	1075251.0	0.4117838
46870725	1511754661	buy	1075415.0	0.05
46870726	1511754661	sell	1075251.0	0.0784
46870727	1511754662	sell	1075252.0	0.00957877
46870728	1511754662	sell	1075252.0	0.04751605
46870729	1511754662	sell	1075257.0	0.01
46870730	1511754662	sell	1075251.0	0.49
46870731	1511754663	sell	1075251.0	0.24984614
46870732	1511754664	sell	1075256.0	0.01
46870733	1511754664	sell	1075251.0	1.68887
46870734	1511754664	sell	1075251.0	0.005
46870735	1511754665	buy	1075341.0	0.0084
46870736	1511754665	buy	1075336.0	0.012
46870737	1511754666	sell	1075252.0	1.5
46870738	1511754666	sell	1075251.0	0.78892
46870748	1511754666	sell	1075001.0	0.1
46870740	1511754666	sell	1075251.0	0.2150371
46870743	1511754666	sell	1075150.0	0.09317
46870752	1511754666	sell	1075000.0	0.01
46870753	1511754666	sell	1075000.0	0.01
46870739	1511754666	sell	1075251.0	1.71762985
46870741	1511754666	sell	1075231.0	0.005
46870744	1511754666	sell	1075057.0	0.005
46870751	1511754667	sell	1075000.0	0.5
46870755	1511754667	sell	1075000.0	0.83363042
46870746	1511754667	sell	1075001.0	0.02
46870750	1511754667	sell	1075000.0	0.00820342
46870756	1511754667	buy	1075330.0	0.03
46870745	1511754667	sell	1075001.0	0.005
46870747	1511754667	sell	1075001.0	0.01
46870742	1511754667	sell	1075222.0	0.15
46870749	1511754667	sell	1075001.0	0.1
46870754	1511754667	sell	1075000.0	0.05
46870757	1511754667	sell	1075116.0	0.1
46870758	1511754667	sell	1075116.0	0.5
46870759	1511754668	buy	1075124.0	0.005
46870760	1511754668	buy	1075332.0	0.005005
46870761	1511754668	buy	1075102.0	0.0305
46870762	1511754668	buy	1075249.0	0.02940323
46870764	1511754669	buy	1075248.0	0.0499441
46870763	1511754669	buy	1075078.0	0.015
46870765	1511754670	sell	1075102.0	0.0084
46870768	1511754670	sell	1075008.0	0.06
46870770	1511754670	sell	1075008.0	0.06
46870771	1511754670	sell	1075008.0	0.06
46870766	1511754670	sell	1075041.0	0.1105
46870776	1511754670	sell	1075008.0	0.06
46870773	1511754670	sell	1075008.0	0.06
46870774	1511754670	sell	1075008.0	0.06
46870767	1511754670	sell	1075008.0	0.06
46870769	1511754670	sell	1075008.0	0.02
46870772	1511754670	sell	1075008.0	0.06
46870775	1511754670	sell	1075008.0	0.06
46870779	1511754670	buy	1075345.0	0.031
46870782	1511754670	buy	1075544.0	0.08423835
46870780	1511754670	buy	1075350.0	0.1
46870781	1511754670	buy	1075351.0	0.2150371
46870777	1511754670	buy	1075002.0	0.8911
46870778	1511754670	buy	1075238.0	0.01689029
46870783	1511754670	buy	1075709.0	0.06381055
46870787	1511754671	sell	1075001.0	0.12
46870785	1511754671	sell	1075001.0	0.06
46870786	1511754671	sell	1075001.0	0.06
46870788	1511754671	sell	1075001.0	0.02
46870784	1511754671	sell	1075106.0	0.06
46870790	1511754671	sell	1075001.0	0.06
46870791	1511754671	sell	1075001.0	0.06
46870789	1511754671	sell	1075001.0	0.06
46870792	1511754671	sell	1075001.0	0.06
46870793	1511754671	buy	1075290.0	0.019
46870794	1511754672	sell	1075130.0	0.005
46870795	1511754672	buy	1075285.0	0.01
46870796	1511754672	buy	1075285.0	0.000005
46870797	1511754673	buy	1075280.0	0.02000595
46870798	1511754673	sell	1075078.0	0.012
46870799	1511754673	sell	1075006.0	0.0057143
46870801	1511754675	sell	1075001.0	0.041459
46870800	1511754675	sell	1075083.0	0.005
46870802	1511754676	buy	1075101.0	0.0127
46870804	1511754676	buy	1075225.0	0.001241
46870803	1511754676	buy	1075101.0	0.028759
46870805	1511754676	buy	1075096.0	0.03998905
46870806	1511754676	buy	1075224.0	0.1
46870807	1511754676	buy	1075225.0	0.08020552
46870808	1511754678	sell	1075116.0	0.04019
46870809	1511754678	sell	1075116.0	0.042
46870811	1511754678	buy	1075224.0	0.005
46870812	1511754678	buy	1075445.0	0.29125036
46870810	1511754678	buy	1075207.0	0.01
46870813	1511754678	buy	1075569.0	0.3
46870814	1511754679	buy	1075594.0	0.19237921
46870815	1511754679	sell	1075122.0	0.042
46870816	1511754680	sell	1075138.0	0.097
46870817	1511754680	buy	1075138.0	0.02
46870823	1511754680	sell	1075127.0	0.13675568
46870826	1511754680	sell	1075001.0	0.20504432
46870818	1511754680	sell	1075130.0	0.12
46870819	1511754680	sell	1075130.0	0.12
46870821	1511754680	sell	1075130.0	0.12
46870824	1511754680	sell	1075127.0	0.9944
46870820	1511754680	sell	1075130.0	0.12
46870822	1511754680	sell	1075130.0	0.12
46870825	1511754680	sell	1075001.0	0.0638
46870827	1511754681	buy	1075133.0	0.12
46870828	1511754681	buy	1075133.0	0.03
46870829	1511754681	sell	1075131.0	0.046505
46870831	1511754681	sell	1075006.0	0.01
46870833	1511754681	sell	1075000.0	0.12165252
46870830	1511754681	sell	1075040.0	0.25
46870832	1511754681	sell	1075001.0	0.09434748
46870840	1511754681	sell	1075000.0	0.23773778
46870834	1511754681	buy	1075101.0	0.20504432
46870835	1511754681	buy	1075128.0	0.12
46870837	1511754681	buy	1075136.0	0.04034387
46870839	1511754681	buy	1075138.0	0.48951971
46870838	1511754682	buy	1075137.0	0.1
46870836	1511754682	buy	1075133.0	0.016
46870841	1511754682	buy	1075030.0	0.03
46870843	1511754683	sell	1075000.0	0.15
46870842	1511754683	sell	1075001.0	0.1
46870844	1511754684	buy	1075015.0	0.01
46870845	1511754684	sell	1075076.0	0.02
46870846	1511754685	buy	1075010.0	0.016
46870848	1511754685	sell	1075008.0	0.020505
46870847	1511754685	sell	1075008.0	0.023495
46870849	1511754685	sell	1075000.0	0.09
46870850	1511754685	buy	1075005.0	0.008
46870852	1511754685	buy	1075010.0	0.002
46870851	1511754685	buy	1075005.0	0.091495
46870853	1511754685	buy	1075091.0	0.01
46870854	1511754685	buy	1075099.0	0.1
46870855	1511754685	buy	1075101.0	0.09434748
46870856	1511754685	buy	1075138.0	0.10212876
46870857	1511754686	sell	1075005.0	0.01
46870858	1511754686	sell	1075005.0	0.09
46870859	1511754686	sell	1075000.0	0.1692
46870860	1511754686	buy	1075138.0	0.0177793
46870861	1511754686	buy	1075098.0	0.2592
46870864	1511754688	sell	1075074.0	0.03
46870866	1511754688	sell	1075018.0	0.1
46870867	1511754688	sell	1075017.0	0.1105
46870865	1511754688	sell	1075022.0	0.02
46870862	1511754688	sell	1075089.0	0.041
46870869	1511754688	buy	1075131.0	0.03
46870863	1511754688	sell	1075075.0	0.005
46870868	1511754688	sell	1075001.0	1.24322824
46870870	1511754690	buy	1075075.0	0.181295
46870871	1511754690	sell	1075066.0	0.012
46870873	1511754690	sell	1075001.0	0.02661205
46870872	1511754690	sell	1075066.0	0.018
46870875	1511754690	buy	1075075.0	0.014
46870874	1511754690	buy	1075070.0	0.016
46870876	1511754691	buy	1075074.0	0.005
46870877	1511754691	buy	1075075.0	0.039005
46870878	1511754691	sell	1075112.0	0.008995
46870879	1511754692	buy	1075068.0	0.002405
46870881	1511754692	buy	1075073.0	0.007405
46870880	1511754692	buy	1075073.0	0.002595
46870882	1511754692	buy	1075131.0	0.07
46870883	1511754692	buy	1075131.0	0.046505
46870884	1511754692	buy	1075138.0	1.183495
46870885	1511754693	sell	1075020.0	0.00170994
46870886	1511754695	sell	1075125.0	0.005
46870887	1511754695	sell	1075112.0	0.025
46870888	1511754695	buy	1075127.0	0.0132
46870889	1511754695	buy	1075137.0	0.01
46870890	1511754695	sell	1075128.0	0.0132
46870891	1511754697	sell	1075122.0	0.03
46870893	1511754698	buy	1075136.0	0.005
46870894	1511754698	buy	1075137.0	0.2845
46870892	1511754698	buy	1075135.0	0.1105
46870895	1511754698	sell	1075118.0	0.026
46870896	1511754698	sell	1075113.0	0.004
46870897	1511754699	buy	1075138.0	0.0177795
46870898	1511754701	buy	1075138.0	0.1614586
46870899	1511754701	buy	1075138.0	0.126
46870900	1511754702	buy	1075138.0	0.00930113
46870901	1511754703	buy	1075138.0	0.2743821
46870902	1511754703	sell	1075137.0	0.005
46870903	1511754703	sell	1075132.0	0.1
46870905	1511754703	sell	1075131.0	0.385
46870904	1511754703	sell	1075132.0	0.01
46870907	1511754703	sell	1075131.0	1.9143132
46870906	1511754703	sell	1075131.0	0.013
46870908	1511754704	sell	1075020.0	0.04829006
46870909	1511754704	sell	1075000.0	0.45170994
46870910	1511754704	buy	1075114.0	0.01
46870912	1511754706	sell	1075000.0	0.05
46870913	1511754706	sell	1075000.0	0.03732284
46870911	1511754706	sell	1075000.0	0.00528379
46870915	1511754706	sell	1075000.0	0.20822144
46870914	1511754706	sell	1075000.0	0.19917193
46870916	1511754707	sell	1075000.0	0.381
46870917	1511754707	sell	1075000.0	0.115
46870918	1511754708	sell	1075000.0	0.5
46870919	1511754710	sell	1075000.0	0.18
46870921	1511754711	buy	1075106.0	0.036
46870923	1511754711	buy	1075112.0	0.05881686
46870920	1511754711	buy	1075080.0	0.025
46870922	1511754711	buy	1075111.0	0.005
46870924	1511754711	sell	1075005.0	0.016
46870925	1511754711	sell	1075000.0	0.0249
46870928	1511754712	sell	1075000.0	0.0046
46870926	1511754712	sell	1075012.0	0.006
46870927	1511754712	sell	1075005.0	0.01
46870929	1511754713	buy	1075051.0	0.005
46870930	1511754713	buy	1075105.0	0.095
46870932	1511754713	sell	1075005.0	0.0053
46870931	1511754713	sell	1075010.0	0.005
46870933	1511754714	sell	1075075.0	0.005
46870934	1511754714	sell	1075012.0	0.0053
46870937	1511754714	sell	1075000.0	0.23736367
46870936	1511754714	sell	1075000.0	0.1
46870935	1511754714	sell	1075000.0	0.58627856
46870938	1511754716	sell	1075022.0	0.006
46870939	1511754716	sell	1075000.0	0.0895
46870941	1511754717	sell	1075000.0	0.32686367
46870940	1511754717	sell	1075000.0	0.17313633
46870942	1511754718	sell	1075000.0	0.0568
46870943	1511754719	sell	1075000.0	0.031
46870944	1511754719	sell	1075000.0	0.5
46870945	1511754720	sell	1075000.0	0.5
46870947	1511754721	sell	1075000.0	1.0
46870946	1511754721	sell	1075000.0	1.1654661
46870948	1511754721	sell	1075000.0	0.48256456
46870949	1511754721	sell	1075000.0	0.35196934
46870950	1511754721	sell	1075000.0	0.40154785
46870951	1511754721	sell	1075000.0	0.42648281
46870958	1511754721	sell	1075000.0	0.09854198
46870953	1511754721	sell	1075000.0	0.008004
46870956	1511754721	sell	1075000.0	0.147
46870952	1511754721	sell	1075000.0	0.3
46870954	1511754721	sell	1075000.0	0.31028712
46870957	1511754721	sell	1075000.0	0.093
46870955	1511754721	sell	1075000.0	0.01
46870959	1511754721	sell	1075000.0	0.1
46870960	1511754722	buy	1075000.0	0.1
46870963	1511754722	sell	1074982.0	0.005
46870961	1511754722	sell	1074988.0	0.065
46870962	1511754722	sell	1074988.0	0.005
46870965	1511754722	sell	1074814.0	0.33251853
46870966	1511754722	sell	1074752.0	0.02826905
46870964	1511754722	sell	1074850.0	0.05380096
46870977	1511754723	sell	1074748.0	0.01840731
46870970	1511754723	sell	1074748.0	0.00481481
46870967	1511754723	sell	1074748.0	0.06
46870968	1511754723	sell	1074748.0	0.06
46870969	1511754723	sell	1074748.0	0.06
46870971	1511754723	sell	1074748.0	0.05518519
46870972	1511754723	sell	1074748.0	0.06
46870973	1511754723	sell	1074748.0	0.02
46870974	1511754723	sell	1074748.0	0.06
46870978	1511754723	sell	1074748.0	0.04159269
46870979	1511754723	sell	1074748.0	0.00726118
46870975	1511754723	sell	1074744.0	0.005
46870976	1511754723	sell	1074712.0	0.29981481
46870982	1511754723	buy	1074990.0	0.06945158
46870981	1511754723	buy	1074990.0	0.06726118
46870980	1511754723	buy	1074990.0	0.01840731
46870983	1511754723	sell	1074753.0	0.11077
46870998	1511754724	buy	1074748.0	0.06
46870999	1511754724	buy	1074748.0	0.06
46871000	1511754724	buy	1074748.0	0.06
46871002	1511754724	buy	1074748.0	0.06
46871003	1511754724	buy	1074748.0	0.06
46871001	1511754724	buy	1074748.0	0.06
46870985	1511754724	sell	1074757.0	0.06
46870988	1511754724	sell	1074757.0	0.06
46870986	1511754724	sell	1074757.0	0.02
46870990	1511754724	sell	1074757.0	0.06
46870987	1511754724	sell	1074757.0	0.06
46870989	1511754724	sell	1074757.0	0.06
46871004	1511754724	sell	1074503.0	0.1
46870996	1511754724	sell	1074752.0	0.06
46870992	1511754724	sell	1074752.0	0.06
46870984	1511754724	sell	1074757.0	0.06
46870995	1511754724	sell	1074752.0	0.06
46870994	1511754724	sell	1074752.0	0.06
46870993	1511754724	sell	1074752.0	0.06
46870991	1511754724	sell	1074753.0	0.18923
46870997	1511754724	sell	1074752.0	0.06
46871005	1511754724	buy	1074748.0	0.1105
46871006	1511754724	sell	1074503.0	0.2
46871007	1511754724	sell	1074500.0	0.15270014
46871008	1511754724	sell	1074445.0	0.1
46871009	1511754724	sell	1074444.0	0.22301058
46871010	1511754724	sell	1074444.0	0.005
46871019	1511754724	buy	1074743.0	0.0177806
46871013	1511754724	sell	1074507.0	0.06
46871012	1511754724	sell	1074507.0	0.06
46871017	1511754724	sell	1074507.0	0.06
46871018	1511754724	sell	1074444.0	0.08
46871020	1511754724	buy	1074743.0	0.03
46871016	1511754724	sell	1074507.0	0.06
46871011	1511754724	sell	1074507.0	0.06
46871014	1511754725	sell	1074507.0	0.06
46871015	1511754725	sell	1074507.0	0.06
46871021	1511754725	buy	1074687.0	0.188
46871022	1511754725	buy	1074738.0	0.06
46871023	1511754725	buy	1074738.0	0.052
46871036	1511754725	sell	1074511.0	0.03248416
46871034	1511754725	sell	1074552.0	0.005
46871035	1511754725	sell	1074511.0	0.06
46871033	1511754725	buy	1074753.0	0.13573731
46871025	1511754725	buy	1074743.0	0.09
46871030	1511754725	buy	1074743.0	0.06
46871029	1511754725	buy	1074743.0	0.04159269
46871032	1511754725	buy	1074746.0	0.005
46871026	1511754725	buy	1074743.0	0.12
46871031	1511754725	buy	1074743.0	0.02
46871028	1511754725	buy	1074743.0	0.06
46871037	1511754725	buy	1074738.0	0.12
46871024	1511754725	buy	1074738.0	0.008
46871027	1511754725	buy	1074743.0	0.12
46871038	1511754725	buy	1074738.0	0.02007
46871039	1511754725	buy	1074738.0	0.0053
46871040	1511754725	buy	1074738.0	0.005
46871041	1511754725	buy	1074714.0	0.02000066
46871042	1511754725	buy	1074709.0	0.18
46871043	1511754725	buy	1074709.0	0.12
46871044	1511754725	buy	1074709.0	0.18
46871045	1511754726	buy	1074709.0	0.02
46871046	1511754726	buy	1074679.0	0.012
46871050	1511754726	sell	1074444.0	0.02901655
46871048	1511754726	sell	1074516.0	0.1
46871047	1511754726	sell	1074551.0	0.005
46871049	1511754726	sell	1074445.0	0.1
46871051	1511754726	buy	1074486.0	0.1554951
46871053	1511754726	buy	1074486.0	0.08733742
46871052	1511754726	buy	1074481.0	0.21266258
46871054	1511754726	buy	1074485.0	0.127
46871055	1511754727	buy	1074476.0	0.0467
46871057	1511754727	sell	1074431.0	0.005
46871059	1511754727	sell	1074320.0	0.04106086
46871058	1511754727	sell	1074419.0	0.3
46871056	1511754727	sell	1074444.0	0.04830955
46871060	1511754727	buy	1074472.0	0.005
46871061	1511754727	buy	1074471.0	0.005
46871062	1511754728	buy	1074444.0	0.2213
46871064	1511754728	sell	1074319.0	0.156688
46871063	1511754728	sell	1074320.0	0.00548014
46871067	1511754728	buy	1074450.0	0.1183
46871066	1511754728	buy	1074444.0	1.2787
46871065	1511754728	buy	1074439.0	0.103
46871068	1511754728	sell	1074319.0	2.16984434
46871069	1511754729	buy	1074409.0	0.005
46871070	1511754729	sell	1074319.0	0.5
46871071	1511754729	sell	1074319.0	0.75
46871072	1511754729	sell	1074319.0	0.48106023
46871074	1511754729	buy	1074404.0	0.18
46871075	1511754729	buy	1074411.0	0.051
46871073	1511754729	buy	1074404.0	0.031
46871077	1511754729	buy	1074486.0	0.03799136
46871076	1511754729	buy	1074476.0	0.1
46871078	1511754729	buy	1074404.0	0.0084
46871079	1511754730	sell	1074319.0	0.3
46871080	1511754730	buy	1074398.0	0.09049998
46871081	1511754730	buy	1074398.0	0.00000002
46871082	1511754730	buy	1074423.0	0.00669998
46871083	1511754730	sell	1074324.0	0.016
46871084	1511754730	sell	1074319.0	0.04299119
46871085	1511754731	buy	1074423.0	0.00330002
46871090	1511754731	buy	1074520.0	0.046541
46871086	1511754731	buy	1074433.0	0.1
46871089	1511754731	buy	1074503.0	0.08
46871091	1511754731	buy	1074733.0	0.08587487
46871087	1511754731	buy	1074485.0	0.682
46871088	1511754731	buy	1074486.0	0.41227788
46871092	1511754731	buy	1074733.0	0.01412513
46871093	1511754731	buy	1074881.0	0.07633613
46871094	1511754731	buy	1074428.0	0.005
46871095	1511754732	buy	1074428.0	0.005
46871096	1511754732	buy	1074881.0	0.22366387
46871097	1511754732	buy	1074881.0	0.57633613
46871098	1511754732	sell	1074531.0	0.09
46871099	1511754732	sell	1074531.0	0.01304231
46871100	1511754732	sell	1074531.0	0.09
46871103	1511754733	sell	1074531.0	0.025227
46871102	1511754733	sell	1074531.0	0.09
46871101	1511754733	sell	1074531.0	0.09
46871104	1511754733	buy	1074876.0	0.0502
46871105	1511754733	buy	1074876.0	0.03
46871107	1511754733	buy	1074876.0	0.03826931
46871108	1511754733	buy	1074876.0	0.03783069
46871106	1511754733	buy	1074876.0	0.0098
46871109	1511754733	sell	1074722.0	0.01
46871110	1511754734	sell	1074722.0	0.00337809
46871111	1511754734	sell	1074876.0	0.0084
46871112	1511754734	sell	1074761.0	0.022
46871113	1511754734	sell	1074741.0	0.10431827
46871114	1511754735	sell	1074746.0	0.02
46871115	1511754735	buy	1074860.0	0.012
46871118	1511754736	sell	1074723.0	0.026
46871117	1511754736	sell	1074728.0	0.01
46871116	1511754736	sell	1074761.0	0.005
46871119	1511754736	sell	1074722.0	1.5022
46871120	1511754736	buy	1074723.0	0.01
46871121	1511754736	sell	1074722.0	0.0203
46871123	1511754737	sell	1074722.0	0.03912191
46871122	1511754737	sell	1074786.0	0.0066
46871126	1511754737	sell	1074722.0	0.0816
46871124	1511754737	sell	1074722.0	0.0064474
46871125	1511754737	sell	1074722.0	0.078
46871127	1511754737	sell	1074722.0	0.029
46871128	1511754737	buy	1074848.0	0.01
46871129	1511754738	sell	1074722.0	0.41256911
46871130	1511754738	sell	1074722.0	0.96738349
46871133	1511754738	sell	1074430.0	0.3
46871135	1511754738	sell	1074320.0	0.1
46871134	1511754738	sell	1074409.0	0.012
46871131	1511754738	sell	1074719.0	0.005
46871136	1511754738	sell	1074320.0	0.02061651
46871132	1511754739	sell	1074550.0	0.005
46871138	1511754739	sell	1074328.0	0.13
46871140	1511754739	sell	1074328.0	0.02
46871141	1511754740	sell	1074328.0	0.0217
46871137	1511754740	sell	1074421.0	0.1983
46871139	1511754740	sell	1074328.0	0.13
46871144	1511754740	sell	1074425.0	0.1
46871145	1511754740	sell	1074425.0	0.02
46871142	1511754740	sell	1074425.0	0.1
46871148	1511754740	sell	1074425.0	0.1
46871146	1511754740	sell	1074425.0	0.1
46871143	1511754740	sell	1074425.0	0.1
46871147	1511754740	sell	1074425.0	0.1
46871150	1511754740	sell	1074328.0	0.13
46871154	1511754740	sell	1074319.0	0.59142318
46871151	1511754740	sell	1074328.0	0.13
46871153	1511754740	sell	1074320.0	0.046541
46871149	1511754740	sell	1074425.0	0.1
46871152	1511754740	sell	1074327.0	0.3
46871156	1511754741	sell	1074433.0	0.1
46871159	1511754741	sell	1074433.0	0.02
46871155	1511754741	sell	1074433.0	0.1
46871158	1511754741	sell	1074433.0	0.1
46871160	1511754741	sell	1074433.0	0.08
46871157	1511754741	sell	1074433.0	0.1
46871163	1511754741	sell	1074437.0	0.07
46871164	1511754741	sell	1074437.0	0.07
46871161	1511754741	sell	1074437.0	0.02
46871165	1511754741	sell	1074437.0	0.005
46871162	1511754741	sell	1074437.0	0.07
46871166	1511754741	sell	1074437.0	0.07
46871167	1511754741	sell	1074437.0	0.07
46871169	1511754741	sell	1074437.0	0.07
46871168	1511754741	sell	1074437.0	0.02
46871170	1511754741	sell	1074437.0	0.05181996
46871172	1511754741	sell	1074433.0	0.07
46871171	1511754741	sell	1074437.0	0.01818004
46871173	1511754741	buy	1074433.0	0.06
46871175	1511754741	buy	1074433.0	0.06
46871174	1511754742	buy	1074433.0	0.06
46871176	1511754742	buy	1074433.0	0.06
46871178	1511754742	buy	1074433.0	0.06
46871177	1511754742	buy	1074433.0	0.02
46871181	1511754742	buy	1074433.0	0.06
46871180	1511754742	buy	1074433.0	0.06
46871179	1511754742	buy	1074433.0	0.06
46871183	1511754742	sell	1074466.0	0.23
46871182	1511754742	buy	1074433.0	0.01170102
46871184	1511754742	sell	1074466.0	0.05829898
46871186	1511754743	buy	1074423.0	0.07
46871187	1511754743	buy	1074423.0	0.11
46871185	1511754743	buy	1074423.0	0.02
46871188	1511754743	buy	1074395.0	0.0065
46871189	1511754743	sell	1074319.0	0.15
46871190	1511754744	buy	1074395.0	0.00649947
46871191	1511754744	buy	1074374.0	0.01000054
46871192	1511754744	sell	1074319.0	0.5
46871193	1511754744	sell	1074123.0	0.5
46871195	1511754744	buy	1074374.0	0.06
46871197	1511754744	buy	1074374.0	0.02820069
46871194	1511754744	buy	1074368.0	0.088
46871196	1511754744	buy	1074374.0	0.06
46871200	1511754745	sell	1074131.0	0.06
46871198	1511754745	sell	1074131.0	0.06
46871199	1511754745	sell	1074131.0	0.02
46871202	1511754745	sell	1074131.0	0.06
46871201	1511754745	sell	1074131.0	0.06
46871204	1511754746	buy	1074339.0	0.01
46871203	1511754746	sell	1074123.0	0.24
46871205	1511754746	buy	1074305.0	0.01
46871206	1511754746	buy	1074339.0	0.00100056
46871207	1511754746	sell	1074123.0	0.01
46871208	1511754747	buy	1074130.0	0.068
46871209	1511754747	sell	1074123.0	0.3
46871210	1511754747	sell	1074123.0	0.05499946
46871212	1511754747	sell	1074123.0	0.5
46871211	1511754747	buy	1074125.0	0.029
46871213	1511754747	sell	1074123.0	0.39
46871214	1511754747	sell	1074123.0	0.37
46871215	1511754747	sell	1074123.0	0.1349
46871216	1511754747	buy	1074125.0	0.031
46871220	1511754747	sell	1074123.0	0.38529931
46871219	1511754747	sell	1074123.0	0.25
46871217	1511754747	sell	1074285.0	0.0391
46871218	1511754747	sell	1074123.0	0.19430102
46871221	1511754747	sell	1074123.0	0.0542194
46871222	1511754747	sell	1074123.0	0.6
46871223	1511754748	sell	1074123.0	0.20537282
46871224	1511754748	buy	1074124.0	0.01206192
46871225	1511754748	sell	1074123.0	0.005
46871226	1511754748	sell	1074123.0	0.5
46871227	1511754748	sell	1074123.0	0.036
46871228	1511754749	buy	1074124.0	0.01072222
46871229	1511754749	buy	1074124.0	0.0100001
46871230	1511754749	sell	1074123.0	0.0673
46871231	1511754749	buy	1074125.0	0.05
46871232	1511754749	buy	1074124.0	0.0084
46871254	1511754750	buy	1074125.0	0.01
46871255	1511754750	buy	1074250.0	0.00060018
46871256	1511754750	buy	1074000.0	0.021
46871234	1511754750	sell	1074123.0	0.016
46871236	1511754750	sell	1074002.0	0.6
46871233	1511754750	sell	1074123.0	0.20510799
46871235	1511754750	sell	1074118.0	0.005
46871240	1511754750	sell	1074000.0	0.5
46871239	1511754750	sell	1074000.0	0.00931099
46871243	1511754750	sell	1074000.0	0.5
46871244	1511754750	sell	1074000.0	0.00512104
46871238	1511754750	sell	1074000.0	0.015
46871237	1511754750	sell	1074001.0	0.005
46871242	1511754750	sell	1074000.0	0.038
46871245	1511754750	sell	1074000.0	0.00543655
46871241	1511754750	sell	1074000.0	0.01
46871251	1511754750	sell	1073870.0	0.02
46871246	1511754750	sell	1074000.0	0.3
46871250	1511754750	sell	1073988.0	0.065
46871247	1511754750	sell	1074000.0	1.7
46871253	1511754750	sell	1073857.0	3.84467811
46871249	1511754750	sell	1074000.0	0.05
46871248	1511754750	sell	1074000.0	0.22574961
46871252	1511754750	sell	1073858.0	0.1
46871257	1511754750	buy	1074000.0	0.012
46871258	1511754750	buy	1074000.0	0.01
46871259	1511754750	sell	1073857.0	0.0336
46871260	1511754750	buy	1074000.0	0.00931099
46871261	1511754751	buy	1073999.0	0.1
46871263	1511754751	buy	1074000.0	0.07198893
46871262	1511754751	buy	1073999.0	0.10801107
46871264	1511754751	sell	1073857.0	0.12755153
46871265	1511754751	buy	1073965.0	0.005
46871266	1511754751	sell	1073857.0	0.15736534
46871267	1511754751	buy	1073994.0	0.016
46871268	1511754751	buy	1074000.0	0.68820217
46871269	1511754752	buy	1074000.0	0.08126726
46871270	1511754752	buy	1074000.0	0.07769739
46871271	1511754752	sell	1073857.0	2.01896015
46871272	1511754753	buy	1073959.0	0.01
46871273	1511754753	sell	1073983.0	0.0268
46871274	1511754753	sell	1073983.0	0.1112
46871275	1511754753	buy	1073939.0	0.03
46871276	1511754753	sell	1073988.0	0.026
46871277	1511754753	buy	1073935.0	0.014
46871278	1511754753	buy	1074000.0	0.01
46871279	1511754753	buy	1074000.0	0.39997672
46871280	1511754754	sell	1073986.0	0.0637
46871281	1511754754	sell	1073858.0	0.07255374
46871282	1511754754	sell	1073991.0	0.01
46871284	1511754754	sell	1073857.0	0.11783454
46871283	1511754754	sell	1073989.0	0.043
46871285	1511754755	sell	1073857.0	0.4965082
46871288	1511754755	sell	1073857.0	4.972
46871289	1511754755	buy	1073965.0	0.01000032
46871286	1511754755	sell	1073885.0	0.018
46871287	1511754755	sell	1073862.0	0.01
46871290	1511754755	buy	1073965.0	0.01599968
46871291	1511754755	buy	1073970.0	0.05170032
46871292	1511754756	sell	1073857.0	0.1528008
46871294	1511754756	sell	1073857.0	0.11962403
46871293	1511754756	sell	1073862.0	0.01
46871295	1511754757	sell	1073857.0	0.10428744
46871297	1511754757	buy	1073999.0	0.04853094
46871296	1511754757	buy	1073970.0	0.18655004
46871298	1511754757	sell	1073862.0	0.01
46871299	1511754757	sell	1073857.0	0.31793274
46871300	1511754758	sell	1073857.0	0.5
46871301	1511754758	sell	1073804.0	0.005
46871303	1511754758	sell	1073500.0	0.03702631
46871302	1511754758	sell	1073568.0	0.031
46871305	1511754758	sell	1073300.0	0.1
46871307	1511754758	sell	1073122.0	0.31697369
46871306	1511754758	sell	1073178.0	0.005
46871304	1511754758	sell	1073491.0	0.005
46871308	1511754758	sell	1073122.0	0.25
46871309	1511754758	sell	1073122.0	0.21319101
46871310	1511754759	sell	1073126.0	0.02
46871311	1511754759	sell	1073126.0	0.00807
46871312	1511754759	sell	1073140.0	0.23891414
46871313	1511754759	buy	1073921.0	0.050025
46871316	1511754759	sell	1073144.0	0.02288046
46871315	1511754759	sell	1073130.0	0.05378512
46871314	1511754759	sell	1073140.0	0.01108586
46871317	1511754759	sell	1073144.0	0.02790263
46871318	1511754760	buy	1073500.0	0.166
46871323	1511754760	buy	1073495.0	0.012
46871321	1511754760	sell	1073152.0	0.09
46871319	1511754760	sell	1073152.0	0.09
46871320	1511754760	sell	1073152.0	0.09
46871322	1511754760	sell	1073152.0	0.03816517
46871324	1511754761	buy	1073413.0	0.005
46871325	1511754761	buy	1073408.0	0.03699991
46871326	1511754761	buy	1073408.0	0.00116526
46871328	1511754761	buy	1073408.0	0.00793211
46871327	1511754761	buy	1073408.0	0.02790263
46871329	1511754761	buy	1073408.0	0.0095
46871331	1511754762	buy	1073301.0	0.005
46871330	1511754762	buy	1073301.0	0.03
46871332	1511754763	buy	1073301.0	0.031
46871333	1511754763	buy	1073301.0	0.03
46871334	1511754763	sell	1073194.0	0.085
46871336	1511754763	buy	1073296.0	0.00401085
46871335	1511754763	buy	1073296.0	0.008
46871337	1511754763	buy	1073237.0	0.010005
46871340	1511754763	sell	1073122.0	0.1744
46871339	1511754763	sell	1073161.0	0.1
46871338	1511754763	sell	1073194.0	0.0256
46871341	1511754763	sell	1073123.0	0.1
46871342	1511754763	sell	1073122.0	0.06778848
46871345	1511754764	buy	1073331.0	0.14378512
46871347	1511754764	buy	1073331.0	0.08063789
46871344	1511754764	buy	1073296.0	0.02598915
46871349	1511754764	buy	1073500.0	0.00287751
46871348	1511754764	buy	1073490.0	0.1
46871343	1511754764	buy	1073237.0	0.139995
46871350	1511754764	buy	1073914.0	0.28383487
46871346	1511754764	buy	1073331.0	0.02288046
46871351	1511754764	sell	1073127.0	0.01
46871353	1511754764	sell	1073122.0	0.01400518
46871352	1511754764	sell	1073127.0	0.006
46871354	1511754764	buy	1073209.0	0.0084
46871355	1511754765	sell	1073162.0	0.25
46871358	1511754765	sell	1073122.0	0.02480751
46871356	1511754765	sell	1073127.0	0.01
46871357	1511754765	sell	1073124.0	0.28383487
46871359	1511754765	sell	1073122.0	0.06399672
46871361	1511754765	buy	1073200.0	0.078
46871360	1511754765	buy	1073200.0	0.012
46871362	1511754765	buy	1073222.0	0.002
46871363	1511754765	sell	1073122.0	0.18553204
46871364	1511754766	buy	1073195.0	0.024
46871365	1511754766	buy	1073690.0	0.03998563
46871366	1511754767	buy	1073690.0	0.024
46871367	1511754767	buy	1073685.0	0.01
46871368	1511754767	buy	1073690.0	0.08288115
46871369	1511754767	buy	1073690.0	0.11087966
46871370	1511754767	sell	1073135.0	0.00225657
46871371	1511754767	buy	1073690.0	0.048902
46871372	1511754767	buy	1073690.0	0.01861576
46871375	1511754767	sell	1073302.0	0.1
46871376	1511754767	sell	1073302.0	0.02
46871373	1511754767	sell	1073302.0	0.1
46871377	1511754767	sell	1073302.0	0.07800994
46871374	1511754767	sell	1073302.0	0.1
46871378	1511754767	sell	1073302.0	0.00342019
46871380	1511754768	sell	1073306.0	0.08068138
46871379	1511754768	sell	1073306.0	0.1
46871382	1511754768	sell	1073307.0	0.0259
46871381	1511754768	sell	1073396.0	0.046
46871384	1511754768	sell	1073306.0	0.0049
46871383	1511754768	sell	1073307.0	0.0001
46871385	1511754768	buy	1073588.0	0.03
46871386	1511754769	buy	1073583.0	0.02985936
46871387	1511754769	buy	1073583.0	0.02789122
46871388	1511754769	sell	1073315.0	0.0358099
46871389	1511754769	buy	1073519.0	0.0084
46871391	1511754770	sell	1073319.0	0.041541
46871390	1511754770	sell	1073334.0	0.005
46871392	1511754770	buy	1073476.0	0.012
46871401	1511754771	buy	1073387.0	0.026
46871398	1511754771	sell	1073100.0	0.02
46871393	1511754771	sell	1073328.0	0.01
46871399	1511754771	sell	1073001.0	0.005
46871394	1511754771	sell	1073308.0	0.005
46871397	1511754771	sell	1073100.0	0.01
46871400	1511754771	sell	1073001.0	0.03825524
46871395	1511754771	sell	1073209.0	0.021
46871396	1511754771	sell	1073123.0	0.046592
46871403	1511754772	sell	1073001.0	0.31390552
46871402	1511754772	sell	1073128.0	0.01
46871404	1511754772	sell	1073005.0	0.1
46871405	1511754772	sell	1073005.0	0.1
46871406	1511754772	sell	1073005.0	0.04969578
46871407	1511754772	sell	1073005.0	0.05030422
46871409	1511754772	sell	1073005.0	0.1
46871410	1511754772	sell	1073005.0	0.1
46871412	1511754772	sell	1073005.0	0.04969578
46871408	1511754772	sell	1073005.0	0.1
46871411	1511754772	sell	1073005.0	0.1
46871413	1511754772	sell	1073009.0	0.01861576
46871419	1511754773	sell	1073009.0	0.0748035
46871420	1511754773	sell	1073009.0	0.0649965
46871422	1511754773	sell	1073009.0	0.09
46871423	1511754773	sell	1073009.0	0.0414975
46871421	1511754773	sell	1073009.0	0.0250035
46871418	1511754773	sell	1073009.0	0.0151965
46871414	1511754773	sell	1073009.0	0.09
46871415	1511754773	sell	1073009.0	0.09
46871416	1511754773	sell	1073009.0	0.09
46871417	1511754773	sell	1073009.0	0.02
46871424	1511754773	sell	1073013.0	0.0639
46871425	1511754774	sell	1073017.0	0.032
46871426	1511754774	sell	1073074.0	0.00151581
46871427	1511754775	sell	1073000.0	0.008
46871428	1511754775	sell	1073000.0	0.005
46871429	1511754775	sell	1073000.0	0.37584812
46871431	1511754776	buy	1073056.0	0.05675036
46871430	1511754776	buy	1073056.0	0.1150035
46871432	1511754776	sell	1073015.0	0.15386668
46871434	1511754776	buy	1073041.0	0.01039431
46871433	1511754776	buy	1073041.0	0.4
46871437	1511754777	sell	1073000.0	0.03484812
46871436	1511754777	sell	1073000.0	0.12415188
46871435	1511754777	sell	1073011.0	0.051
46871438	1511754777	buy	1073036.0	0.0307986
46871439	1511754777	sell	1073000.0	0.01515188
46871440	1511754777	sell	1073000.0	0.00437264
46871441	1511754777	buy	1073031.0	0.09
46871442	1511754777	buy	1073031.0	0.09017479
46871443	1511754778	sell	1073000.0	0.007
46871444	1511754778	buy	1073026.0	0.01
46871445	1511754779	sell	1073006.0	0.035
46871447	1511754779	sell	1072989.0	0.1
46871446	1511754779	sell	1073000.0	0.15547484
46871448	1511754779	sell	1072988.0	0.05758539
46871449	1511754779	buy	1073016.0	0.03
46871450	1511754779	buy	1073011.0	0.0084
46871451	1511754780	buy	1073006.0	0.14902285
46871452	1511754780	buy	1073006.0	0.02228157
46871453	1511754780	buy	1073010.0	0.22404398
46871454	1511754780	sell	1073011.0	0.06725307
46871455	1511754780	sell	1073011.0	0.10870295
46871456	1511754780	buy	1073001.0	0.012
46871457	1511754780	buy	1073001.0	0.03
46871458	1511754780	buy	1073001.0	0.005
46871459	1511754781	sell	1072991.0	0.106
46871460	1511754782	sell	1072988.0	0.00741461
46871461	1511754782	sell	1072951.0	0.01
46871462	1511754783	buy	1072971.0	0.08653708
46871463	1511754783	buy	1072971.0	0.02261843
46871466	1511754783	buy	1072991.0	0.1106
46871465	1511754783	buy	1072990.0	0.1
46871464	1511754783	buy	1072985.0	0.031
46871467	1511754783	sell	1073069.0	0.13368987
46871469	1511754783	buy	1072966.0	0.1673427
46871468	1511754783	buy	1072966.0	0.21651641
46871472	1511754783	sell	1072951.0	0.02
46871475	1511754784	sell	1072822.0	0.45162135
46871474	1511754784	sell	1072865.0	0.005
46871473	1511754784	sell	1072866.0	0.1
46871471	1511754784	sell	1072958.0	0.022
46871470	1511754784	sell	1072988.0	0.33224839
46871476	1511754784	sell	1073074.0	0.016
46871477	1511754784	sell	1072826.0	0.04428747
46871478	1511754784	sell	1072826.0	0.01204212
46871479	1511754784	sell	1072830.0	0.03
46871491	1511754785	sell	1072822.0	1.1637
46871490	1511754785	sell	1072823.0	0.1
46871489	1511754785	sell	1072827.0	0.2955
46871480	1511754785	sell	1072831.0	0.01
46871481	1511754785	sell	1072830.0	0.07
46871482	1511754785	sell	1072830.0	0.07
46871485	1511754785	sell	1072830.0	0.07
46871488	1511754785	sell	1072827.0	0.8742
46871483	1511754785	sell	1072830.0	0.07
46871486	1511754785	sell	1072830.0	0.07
46871484	1511754785	sell	1072830.0	0.07
46871487	1511754785	sell	1072830.0	0.07
46871493	1511754785	buy	1073107.0	0.11428747
46871492	1511754785	buy	1073107.0	0.01204212
46871498	1511754785	buy	1073117.0	0.016
46871496	1511754785	buy	1073111.0	0.005
46871494	1511754785	buy	1073107.0	0.07
46871495	1511754785	buy	1073107.0	0.07
46871497	1511754785	buy	1073112.0	0.03
46871499	1511754785	buy	1073121.0	0.05277041
46871503	1511754786	buy	1073387.0	0.0056878
46871504	1511754786	buy	1073747.0	0.1
46871501	1511754786	buy	1073122.0	0.11384064
46871502	1511754786	buy	1073123.0	0.046592
46871505	1511754786	buy	1073747.0	0.02387956
46871500	1511754786	buy	1073107.0	0.01
46871509	1511754786	sell	1072836.0	0.25803935
46871506	1511754786	sell	1072998.0	0.03
46871507	1511754786	sell	1072840.0	0.1
46871508	1511754786	sell	1072839.0	0.01
46871510	1511754786	sell	1073102.0	0.07
46871511	1511754786	sell	1073102.0	0.07
46871512	1511754786	sell	1073102.0	0.07767634
46871515	1511754786	sell	1073092.0	0.00767634
46871514	1511754786	sell	1073102.0	0.01532366
46871516	1511754786	sell	1073092.0	0.07
46871513	1511754786	sell	1073102.0	0.07
46871518	1511754787	buy	1073101.0	0.1
46871517	1511754787	buy	1073096.0	0.01
46871519	1511754787	sell	1073106.0	0.03
46871520	1511754787	sell	1073106.0	0.005
46871521	1511754788	buy	1073586.0	0.041
46871522	1511754788	buy	1073741.0	0.00658883
46871523	1511754788	buy	1073741.0	0.00341117
46871525	1511754788	buy	1073745.0	0.01756296
46871524	1511754788	buy	1073745.0	0.18157629
46871526	1511754788	buy	1073736.0	0.06506759
46871527	1511754788	buy	1073736.0	0.01842465
46871528	1511754788	buy	1073736.0	0.01860315
46871529	1511754788	sell	1073140.0	0.0156
46871530	1511754788	buy	1073740.0	0.01171039
46871531	1511754788	buy	1073740.0	0.00388961
46871552	1511754788	buy	1073912.0	0.0231429
46871532	1511754788	buy	1073747.0	0.27400402
46871551	1511754788	buy	1073747.0	0.02599598
46871553	1511754789	buy	1073744.0	0.00959222
46871554	1511754789	sell	1073145.0	0.0137
46871533	1511754789	sell	1073176.0	0.25
46871539	1511754789	sell	1073141.0	0.15
46871537	1511754789	sell	1073141.0	0.15
46871536	1511754789	sell	1073141.0	0.02
46871542	1511754789	sell	1073141.0	0.15
46871540	1511754789	sell	1073141.0	0.15
46871538	1511754789	sell	1073141.0	0.15
46871534	1511754789	sell	1073144.0	0.15
46871543	1511754789	sell	1073141.0	0.15
46871546	1511754789	sell	1073138.0	0.005
46871535	1511754789	sell	1073141.0	0.15
46871547	1511754789	sell	1073111.0	0.1516
46871548	1511754789	sell	1073111.0	0.1
46871549	1511754789	sell	1073093.0	0.046594
46871541	1511754789	sell	1073141.0	0.15
46871550	1511754789	sell	1073092.0	0.14181863
46871545	1511754789	sell	1073140.0	0.15
46871544	1511754789	sell	1073141.0	0.02
46871555	1511754789	buy	1073735.0	0.06483448
46871556	1511754789	buy	1073735.0	0.01856079
46871557	1511754789	buy	1073735.0	0.00930903
46871559	1511754789	buy	1073735.0	0.04
46871558	1511754789	buy	1073735.0	0.2072957
46871560	1511754789	buy	1073735.0	0.16506949
46871561	1511754789	buy	1073599.0	0.0084
46871562	1511754790	sell	1073207.0	0.005
46871564	1511754790	buy	1073594.0	0.13493051
46871563	1511754790	buy	1073540.0	0.25
46871565	1511754790	buy	1073594.0	0.15
46871566	1511754790	buy	1073594.0	0.15
46871567	1511754790	buy	1073720.0	0.31556949
46871577	1511754791	sell	1073409.0	0.11690282
46871574	1511754791	buy	1073865.0	0.005
46871573	1511754791	buy	1073744.0	0.3
46871575	1511754791	buy	1073915.0	0.1
46871569	1511754791	buy	1073535.0	0.34290461
46871572	1511754791	buy	1073720.0	0.83633051
46871570	1511754791	buy	1073593.0	0.014
46871571	1511754791	buy	1073637.0	0.01
46871568	1511754791	buy	1073535.0	0.15
46871579	1511754791	buy	1073530.0	0.016
46871576	1511754791	buy	1073916.0	1.44176488
46871578	1511754791	buy	1073508.0	0.009
46871585	1511754791	sell	1073212.0	0.1
46871581	1511754791	sell	1073414.0	0.012
46871587	1511754791	sell	1073203.0	0.005
46871586	1511754791	sell	1073212.0	0.2332
46871589	1511754792	sell	1073137.0	0.2717
46871584	1511754792	sell	1073255.0	0.1106
46871590	1511754792	sell	1073092.0	1.7302651
46871583	1511754792	sell	1073409.0	0.18309718
46871580	1511754792	sell	1073489.0	0.06
46871582	1511754792	sell	1073413.0	0.3
46871588	1511754792	sell	1073190.0	0.22228215
46871591	1511754792	sell	1073413.0	0.046594
46871592	1511754793	sell	1073418.0	0.011
46871593	1511754793	sell	1073419.0	0.01
46871594	1511754793	buy	1073432.0	0.0052
46871595	1511754793	buy	1073502.0	0.134
46871597	1511754793	buy	1073536.0	0.016225
46871596	1511754793	buy	1073507.0	0.3
46871598	1511754793	sell	1073488.0	0.0248
46871599	1511754793	sell	1073422.0	0.01
46871600	1511754793	sell	1073419.0	0.00860315
46871602	1511754793	buy	1073502.0	0.046594
46871604	1511754793	sell	1073507.0	0.01
46871603	1511754793	buy	1073502.0	0.005
46871601	1511754793	buy	1073485.0	0.0172
46871605	1511754793	sell	1073507.0	0.1
46871608	1511754793	sell	1073257.0	0.3
46871606	1511754793	sell	1073507.0	0.121206
46871607	1511754793	sell	1073418.0	0.089
46871609	1511754794	buy	1073218.0	0.498
46871611	1511754794	buy	1073501.0	0.1
46871610	1511754794	buy	1073218.0	0.831794
46871613	1511754794	buy	1073580.0	0.005
46871615	1511754794	buy	1073911.0	0.68880063
46871612	1511754794	buy	1073536.0	0.094375
46871614	1511754794	buy	1073743.0	0.3
46871616	1511754794	sell	1073512.0	0.06
46871619	1511754795	sell	1073516.0	0.038
46871617	1511754795	sell	1073516.0	0.03
46871618	1511754795	sell	1073516.0	0.01
46871620	1511754795	buy	1073531.0	0.01
46871621	1511754795	sell	1073547.0	0.02
46871622	1511754795	sell	1073521.0	0.02
46871623	1511754795	sell	1073517.0	0.016
46871624	1511754796	sell	1073522.0	0.01
46871626	1511754796	sell	1073521.0	0.006
46871625	1511754796	sell	1073521.0	0.02
46871627	1511754796	sell	1073526.0	0.006
46871628	1511754796	sell	1073526.0	0.02
46871629	1511754796	sell	1073526.0	0.01
46871630	1511754797	sell	1073600.0	0.005
46871632	1511754797	sell	1073531.0	0.01
46871631	1511754797	sell	1073600.0	0.005
46871634	1511754798	buy	1073698.0	0.013
46871635	1511754798	buy	1073914.0	0.451
46871633	1511754798	buy	1073671.0	0.036
46871637	1511754798	buy	1073636.0	0.02
46871636	1511754798	buy	1073636.0	0.038
46871638	1511754799	sell	1073671.0	0.036
46871641	1511754799	sell	1073533.0	0.03
46871640	1511754799	sell	1073533.0	0.005
46871639	1511754799	sell	1073559.0	0.029
46871642	1511754799	sell	1073675.0	0.03
46871643	1511754799	buy	1073909.0	0.0052
46871644	1511754799	sell	1073683.0	0.06
46871645	1511754799	sell	1073683.0	0.06
46871646	1511754799	sell	1073683.0	0.02
46871647	1511754800	sell	1073683.0	0.015
46871649	1511754800	buy	1073904.0	0.03
46871650	1511754800	buy	1073914.0	0.149
46871651	1511754800	buy	1073915.0	0.1
46871648	1511754800	buy	1073904.0	0.02
46871652	1511754800	buy	1073916.0	1.701
46871653	1511754800	sell	1073687.0	0.045
46871658	1511754800	buy	1073988.0	0.00776488
46871656	1511754800	buy	1073909.0	0.06
46871657	1511754800	buy	1073916.0	1.85723512
46871655	1511754800	buy	1073909.0	0.06
46871654	1511754800	buy	1073909.0	0.015
46871670	1511754800	sell	1073691.0	0.02
46871673	1511754800	sell	1073691.0	0.06
46871660	1511754800	buy	1073999.0	0.005
46871675	1511754800	buy	1073909.0	0.045
46871662	1511754800	buy	1074178.0	0.005
46871672	1511754800	sell	1073691.0	0.06
46871674	1511754800	sell	1073691.0	0.006
46871665	1511754800	buy	1074334.0	0.005
46871663	1511754800	buy	1074203.0	0.005
46871678	1511754800	buy	1074491.0	0.005
46871666	1511754800	buy	1074350.0	0.5
46871669	1511754800	buy	1074394.0	0.11343652
46871667	1511754800	buy	1074358.0	0.3
46871680	1511754800	buy	1074569.0	0.26343652
46871679	1511754800	buy	1074550.0	0.5
46871664	1511754800	buy	1074319.0	0.45
46871676	1511754800	buy	1074394.0	0.68656348
46871671	1511754800	sell	1073691.0	0.06
46871659	1511754800	buy	1073988.0	0.05723512
46871661	1511754800	buy	1074000.0	0.00932836
46871668	1511754800	buy	1074393.0	0.55
46871677	1511754800	buy	1074410.0	0.5
46871681	1511754801	buy	1073904.0	0.02
46871682	1511754801	buy	1074393.0	0.11648365
46871684	1511754801	buy	1074569.0	0.18656348
46871690	1511754801	buy	1074913.0	0.005
46871683	1511754801	buy	1074393.0	0.11648365
46871686	1511754801	buy	1074643.0	0.55
46871685	1511754801	buy	1074610.0	0.5
46871692	1511754801	buy	1074921.0	0.06399644
46871689	1511754801	buy	1074835.0	0.1603
46871688	1511754801	buy	1074804.0	0.005
46871687	1511754801	buy	1074733.0	0.1
46871691	1511754801	buy	1074921.0	0.06399644
46871694	1511754801	buy	1074988.0	0.0481799
46871693	1511754801	buy	1074966.0	0.06399644
46871695	1511754801	sell	1073742.0	0.04844881
46871696	1511754801	sell	1073795.0	0.06
46871697	1511754801	sell	1073728.0	0.0506
46871699	1511754801	buy	1073899.0	0.006
46871698	1511754801	buy	1073899.0	0.06
46871700	1511754801	buy	1073899.0	0.06
46871702	1511754802	sell	1074125.0	0.06
46871701	1511754802	sell	1074125.0	0.06
46871703	1511754802	buy	1074720.0	0.06396531
46871704	1511754802	buy	1074720.0	0.3
46871705	1511754802	sell	1074273.0	0.031
46871706	1511754802	sell	1074273.0	0.0465
46871707	1511754803	sell	1074277.0	0.03
46871710	1511754803	sell	1074277.0	0.0115344
46871709	1511754803	sell	1074277.0	0.08
46871711	1511754803	buy	1074623.0	0.23054167
46871708	1511754803	sell	1074364.0	0.0639764
46871712	1511754803	sell	1074282.0	0.031
46871713	1511754803	buy	1074618.0	0.005
46871714	1511754803	buy	1074618.0	0.0115344
46871715	1511754803	buy	1074618.0	0.05244103
46871716	1511754803	buy	1074618.0	0.01858241
46871717	1511754803	sell	1074368.0	0.02
46871718	1511754804	sell	1074368.0	0.00796177
46871719	1511754804	buy	1074618.0	0.00897656
46871720	1511754804	buy	1074715.0	0.1
46871721	1511754804	sell	1074719.0	0.025
46871722	1511754804	sell	1074719.0	0.05
46871723	1511754804	sell	1074719.0	0.02
46871724	1511754804	buy	1074752.0	0.005
46871725	1511754804	buy	1074919.0	0.02336957
46871726	1511754804	sell	1074719.0	0.00796177
46871727	1511754804	sell	1074720.0	0.1
46871728	1511754804	sell	1074720.0	0.02
46871729	1511754804	sell	1074720.0	0.2447
46871730	1511754804	sell	1074720.0	0.0009
46871731	1511754804	sell	1074720.0	0.18079
46871732	1511754804	sell	1074721.0	0.01
46871733	1511754804	buy	1074909.0	0.005
46871734	1511754805	buy	1074919.0	0.2716
46871735	1511754805	sell	1074730.0	0.005
46871736	1511754805	sell	1074721.0	0.2397
46871739	1511754805	buy	1074988.0	0.0168201
46871738	1511754805	buy	1074975.0	0.01604275
46871741	1511754805	buy	1075107.0	0.03793494
46871737	1511754805	buy	1074919.0	0.00503043
46871744	1511754805	buy	1075129.0	0.01815606
46871742	1511754805	buy	1075114.0	0.13504932
46871743	1511754805	buy	1075118.0	0.005
46871740	1511754805	buy	1074999.0	0.005
46871745	1511754805	sell	1074725.0	0.021
46871746	1511754805	sell	1074721.0	0.129
46871747	1511754805	sell	1074769.0	0.139
46871748	1511754805	sell	1074725.0	0.06
46871749	1511754805	sell	1074721.0	0.2213
46871751	1511754805	sell	1074720.0	0.25888509
46871750	1511754805	sell	1074721.0	0.005
46871752	1511754805	sell	1074720.0	0.31581491
46871753	1511754805	sell	1074720.0	0.2
46871754	1511754806	sell	1074721.0	0.03
46871755	1511754806	buy	1074909.0	0.0001
46871757	1511754806	sell	1074720.0	0.13509883
46871758	1511754806	sell	1074719.0	1.13290247
46871756	1511754806	sell	1074721.0	0.1050987
46871760	1511754806	buy	1075122.0	0.016
46871759	1511754806	buy	1074909.0	0.0049
46871761	1511754806	buy	1075128.0	0.30316747
46871763	1511754806	sell	1074719.0	0.2239682
46871762	1511754806	sell	1074725.0	0.01
46871764	1511754806	sell	1074719.0	0.005
46871765	1511754807	buy	1075128.0	0.0052
46871766	1511754807	sell	1074800.0	0.431191
46871774	1511754807	buy	1075128.0	0.12984756
46871773	1511754807	buy	1075121.0	0.01
46871775	1511754807	buy	1075128.0	0.16133446
46871771	1511754807	sell	1074733.0	0.1
46871772	1511754807	sell	1074733.0	0.059991
46871769	1511754807	sell	1074804.0	0.08
46871767	1511754807	sell	1074804.0	0.08
46871777	1511754807	buy	1075129.0	0.97870282
46871768	1511754807	sell	1074804.0	0.08
46871770	1511754807	sell	1074800.0	0.068809
46871776	1511754807	buy	1075127.0	1.0356
46871778	1511754807	sell	1074808.0	0.06506759
46871779	1511754807	sell	1074808.0	0.005
46871780	1511754807	buy	1075113.0	0.0298941
46871781	1511754808	sell	1074808.0	0.0781
46871782	1511754808	sell	1074810.0	0.00930903
46871783	1511754808	buy	1075113.0	0.01871189
46871784	1511754808	sell	1074814.0	0.0466
46871790	1511754808	sell	1075124.0	0.00061169
46871785	1511754808	buy	1075113.0	0.01539116
46871788	1511754808	buy	1075118.0	0.08
46871786	1511754808	buy	1075113.0	0.06399715
46871791	1511754808	sell	1074814.0	0.01
46871789	1511754808	buy	1075124.0	0.01
46871787	1511754808	buy	1075118.0	0.0781
46871797	1511754809	sell	1075207.0	0.1
46871795	1511754809	buy	1075200.0	0.01
46871800	1511754809	buy	1075431.0	0.005
46871802	1511754809	buy	1075500.0	0.015
46871793	1511754809	buy	1075108.0	0.11
46871792	1511754809	buy	1075108.0	0.0466
46871798	1511754809	buy	1075212.0	0.025
46871794	1511754809	buy	1075144.0	0.005
46871796	1511754809	buy	1075207.0	0.06399714
46871799	1511754809	buy	1075238.0	0.2743821
46871801	1511754809	buy	1075486.0	0.06398643
46871803	1511754809	buy	1075550.0	0.005
46871805	1511754809	sell	1075207.0	0.07938831
46871804	1511754809	buy	1075563.0	0.34247122
46871806	1511754809	sell	1075207.0	0.00141455
46871807	1511754809	buy	1075103.0	0.01897873
46871808	1511754809	buy	1075103.0	0.059991
46871809	1511754809	buy	1075108.0	0.01
46871816	1511754809	sell	1074837.0	0.07
46871819	1511754809	sell	1074837.0	0.07
46871810	1511754809	sell	1075211.0	0.020009
46871822	1511754809	sell	1074837.0	0.039391
46871817	1511754809	sell	1074837.0	0.07
46871818	1511754809	sell	1074837.0	0.07
46871820	1511754809	sell	1074837.0	0.02
46871811	1511754809	sell	1074854.0	0.1105
46871812	1511754809	sell	1074837.0	0.07
46871823	1511754809	sell	1075211.0	0.0084
46871814	1511754809	sell	1074837.0	0.07
46871815	1511754809	sell	1074837.0	0.02
46871813	1511754809	sell	1074837.0	0.07
46871821	1511754809	sell	1074837.0	0.07
46871831	1511754810	sell	1074937.0	0.0103945
46871832	1511754810	sell	1074877.0	0.0096055
46871824	1511754810	sell	1075211.0	0.09
46871825	1511754810	sell	1075211.0	0.02
46871826	1511754810	sell	1075211.0	0.09
46871830	1511754810	sell	1074937.0	0.2896055
46871834	1511754810	buy	1075232.0	0.07
46871833	1511754810	buy	1075232.0	0.07
46871837	1511754810	buy	1075232.0	0.109391
46871829	1511754810	sell	1075208.0	0.046502
46871836	1511754810	buy	1075232.0	0.04
46871828	1511754810	sell	1075211.0	0.09
46871827	1511754810	sell	1075211.0	0.09
46871835	1511754810	buy	1075232.0	0.07
46871838	1511754810	buy	1075232.0	0.093009
46871839	1511754810	buy	1075199.0	0.03
46871840	1511754810	sell	1075215.0	0.027
46871841	1511754810	sell	1074941.0	0.012
46871842	1511754810	buy	1075194.0	0.0084
46871843	1511754810	buy	1075196.0	0.05555436
46871844	1511754810	sell	1074941.0	0.01
46871849	1511754811	sell	1074946.0	0.01858241
46871845	1511754811	buy	1075189.0	0.09
46871847	1511754811	buy	1075189.0	0.02
46871848	1511754811	buy	1075189.0	0.0823
46871846	1511754811	buy	1075189.0	0.012
46871850	1511754811	sell	1074946.0	0.00841759
46871851	1511754811	sell	1074945.0	0.01658241
46871852	1511754811	sell	1074945.0	0.04341759
46871853	1511754811	sell	1074945.0	0.00318241
46871854	1511754811	buy	1075184.0	0.09318241
46871855	1511754811	buy	1075184.0	0.00891759
46871856	1511754811	sell	1074949.0	0.01
46871857	1511754811	sell	1074949.0	0.03
46871858	1511754811	buy	1075184.0	0.0639647
46871867	1511754811	buy	1075184.0	0.0639647
46871859	1511754811	sell	1074949.0	0.03
46871860	1511754811	sell	1074949.0	0.02
46871862	1511754812	sell	1074949.0	0.06
46871866	1511754812	sell	1074915.0	0.05
46871864	1511754812	sell	1074949.0	0.06
46871863	1511754812	sell	1074949.0	0.06
46871861	1511754812	sell	1074949.0	0.06
46871865	1511754812	sell	1074949.0	0.06
46871871	1511754812	buy	1075179.0	0.02988241
46871872	1511754812	buy	1075184.0	0.03408229
46871870	1511754812	buy	1075179.0	0.0312
46871869	1511754812	buy	1075179.0	0.07
46871868	1511754812	buy	1075089.0	0.01
46871878	1511754812	buy	1075196.0	0.05494564
46871876	1511754812	buy	1075184.0	0.01
46871875	1511754812	buy	1075179.0	0.06570961
46871877	1511754812	buy	1075184.0	0.016
46871874	1511754812	buy	1075179.0	0.0077
46871879	1511754812	buy	1075497.0	0.1348522
46871873	1511754812	buy	1075179.0	0.03
46871880	1511754812	sell	1074990.0	0.2
46871881	1511754812	sell	1074990.0	0.01
46871886	1511754812	sell	1075094.0	0.0730263
46871882	1511754812	buy	1075084.0	0.0556
46871885	1511754812	sell	1075094.0	0.02
46871883	1511754812	buy	1075084.0	0.0044
46871884	1511754812	buy	1075084.0	0.06
46871888	1511754812	sell	1075094.0	0.12591771
46871889	1511754812	sell	1075094.0	0.087
46871887	1511754812	sell	1075094.0	0.06
46871890	1511754812	sell	1075094.0	0.02124653
46871891	1511754812	buy	1075079.0	0.0278
46871892	1511754812	sell	1074995.0	0.0046795
46871893	1511754813	sell	1074995.0	0.0113205
46871894	1511754813	sell	1074990.0	0.0607795
46871895	1511754813	buy	1075079.0	0.01
46871896	1511754813	sell	1075079.0	0.0039
46871897	1511754813	buy	1075094.0	0.06202208
46871898	1511754813	sell	1075000.0	0.155488
46871903	1511754814	sell	1075000.0	0.00662939
46871899	1511754814	buy	1075069.0	0.0561
46871902	1511754814	buy	1075210.0	0.09092208
46871901	1511754814	buy	1075094.0	0.03797792
46871900	1511754814	buy	1075089.0	0.01
46871905	1511754814	buy	1075211.0	0.05057175
46871904	1511754814	buy	1075069.0	0.01095347
46871906	1511754814	buy	1075211.0	0.00012617
46871909	1511754814	buy	1075211.0	0.0107
46871913	1511754814	buy	1075999.0	0.005
46871912	1511754814	buy	1075988.0	0.065
46871911	1511754814	buy	1075744.0	0.005
46871910	1511754814	buy	1075408.0	0.046502
46871915	1511754814	buy	1076057.0	0.005
46871914	1511754814	buy	1076000.0	0.00931099
46871917	1511754814	buy	1076198.0	1.54395793
46871916	1511754814	buy	1076130.0	0.005
46871907	1511754814	buy	1075009.0	0.06
46871908	1511754814	buy	1075211.0	0.24452908
46871918	1511754815	sell	1075211.0	0.0084
46871919	1511754815	sell	1075211.0	0.04
46871920	1511754815	buy	1075412.0	0.0168
46871921	1511754815	sell	1075216.0	0.01
46871922	1511754815	buy	1075412.0	0.28291604
46871923	1511754815	sell	1075671.0	0.012
46871924	1511754815	buy	1075845.0	0.06399722
46871925	1511754815	buy	1076197.0	0.32252895
46871926	1511754816	buy	1076196.0	0.06498367
46871927	1511754816	sell	1075671.0	0.00508396
46871928	1511754816	sell	1075216.0	0.01
46871929	1511754816	sell	1075212.0	0.00269694
46871930	1511754816	buy	1076196.0	0.01856082
46871931	1511754816	sell	1075675.0	0.13
46871934	1511754816	sell	1075217.0	0.013
46871933	1511754816	sell	1075675.0	0.13
46871935	1511754816	sell	1075675.0	0.01
46871932	1511754816	sell	1075675.0	0.13
46871936	1511754816	sell	1076197.0	0.0209
46871937	1511754816	sell	1075675.0	0.01
46871938	1511754816	sell	1075802.0	0.1519
46871939	1511754816	sell	1075802.0	0.01
46871940	1511754816	sell	1075802.0	0.05
46871941	1511754817	buy	1076113.0	0.0197
46871942	1511754817	sell	1075802.0	0.02
46871943	1511754817	sell	1075802.0	0.155
46871944	1511754817	sell	1075806.0	0.08
46871945	1511754817	sell	1075806.0	0.04225296
46871948	1511754817	buy	1076022.0	0.00929854
46871949	1511754817	buy	1076022.0	0.03452716
46871946	1511754817	sell	1075831.0	0.244
46871947	1511754817	sell	1075806.0	0.006
46871950	1511754817	sell	1075807.0	0.01
46871951	1511754817	sell	1075806.0	0.02
46871953	1511754817	sell	1075806.0	0.08
46871956	1511754817	sell	1075806.0	0.08
46871955	1511754817	sell	1075806.0	0.08
46871957	1511754817	sell	1075806.0	0.08
46871958	1511754817	sell	1075806.0	0.08
46871959	1511754817	sell	1075806.0	0.00825296
46871952	1511754817	sell	1075806.0	0.01174704
46871954	1511754817	sell	1075806.0	0.08
46871972	1511754817	sell	1075810.0	0.03
46871960	1511754818	buy	1076000.0	0.00931099
46871967	1511754818	buy	1076108.0	0.01
46871965	1511754818	buy	1076108.0	0.016
46871961	1511754818	buy	1076017.0	0.026
46871969	1511754818	buy	1076108.0	0.13
46871962	1511754818	buy	1076022.0	0.13719492
46871966	1511754818	buy	1076108.0	0.08
46871964	1511754818	buy	1076108.0	0.1091
46871971	1511754818	buy	1076200.0	0.12522008
46871963	1511754818	buy	1076108.0	0.04225296
46871968	1511754818	buy	1076108.0	0.13
46871970	1511754818	buy	1076197.0	0.11418975
46871975	1511754818	sell	1075807.0	0.17782298
46871973	1511754818	sell	1075847.0	0.005
46871974	1511754818	sell	1075814.0	0.1
46871978	1511754818	buy	1076017.0	0.08099063
46871976	1511754818	sell	1075807.0	0.09677702
46871977	1511754818	buy	1075968.0	0.153
46871981	1511754818	sell	1075814.0	0.02
46871979	1511754818	sell	1075815.0	0.01
46871980	1511754818	sell	1075814.0	0.1
46871982	1511754818	sell	1075814.0	0.1
46871983	1511754818	sell	1075814.0	0.02
46871984	1511754818	sell	1075814.0	0.08
46871985	1511754819	buy	1075958.0	0.01
46871988	1511754819	buy	1075958.0	0.08
46871987	1511754819	buy	1075958.0	0.08
46871989	1511754819	buy	1075958.0	0.02900937
46871990	1511754819	buy	1075958.0	0.08
46871986	1511754819	buy	1075958.0	0.08
46871994	1511754819	buy	1076200.0	0.50924359
46871992	1511754819	buy	1076016.0	0.1
46871991	1511754819	buy	1075958.0	0.02
46871993	1511754819	buy	1076158.0	0.01174704
46871995	1511754819	sell	1075929.0	0.01
46871996	1511754819	buy	1075958.0	0.0084
46871997	1511754819	sell	1075929.0	0.0084
46871998	1511754819	sell	1075929.0	0.0084
46871999	1511754820	sell	1075929.0	0.03718646
46872000	1511754820	sell	1075876.0	0.00281354
46872002	1511754820	sell	1075848.0	0.005
46872001	1511754820	sell	1075876.0	0.00918646
46872003	1511754820	sell	1075812.0	0.0237
46872005	1511754820	sell	1075748.0	0.005
46872004	1511754820	sell	1075812.0	0.1
46872006	1511754820	buy	1075700.0	0.01
46872007	1511754820	buy	1075700.0	0.012
46872008	1511754820	buy	1075700.0	0.005
46872009	1511754821	buy	1075673.0	0.029
46872011	1511754821	buy	1075695.0	0.02
46872012	1511754821	buy	1075695.0	0.061
46872016	1511754821	sell	1075590.0	0.01
46872010	1511754821	buy	1075695.0	0.08
46872017	1511754821	sell	1075590.0	0.07
46872013	1511754821	sell	1075670.0	0.03
46872014	1511754821	sell	1075595.0	0.0781
46872015	1511754821	sell	1075590.0	0.3919
46872019	1511754821	sell	1075590.0	0.00856082
46872018	1511754821	sell	1075600.0	0.01
46872020	1511754821	sell	1075590.0	0.01953918
46872022	1511754821	sell	1075463.0	0.04556082
46872021	1511754821	sell	1075500.0	0.013
46872023	1511754821	sell	1075600.0	0.5
46872024	1511754821	sell	1075463.0	0.5
46872025	1511754822	sell	1075463.0	0.01
46872026	1511754822	sell	1075463.0	0.01
46872027	1511754822	sell	1075463.0	0.02789122
46872028	1511754823	sell	1075586.0	0.01641369
46872029	1511754823	buy	1075650.0	0.010005
46872030	1511754823	sell	1075586.0	0.01358631
46872031	1511754823	sell	1075463.0	0.02641369
46872034	1511754823	buy	1075664.0	0.0177
46872032	1511754823	buy	1075650.0	0.032
46872035	1511754823	buy	1075665.0	0.03
46872033	1511754823	buy	1075650.0	0.1
46872036	1511754823	buy	1075694.0	0.1
46872039	1511754823	sell	1075709.0	0.039
46872037	1511754823	buy	1075700.0	0.03931354
46872038	1511754823	sell	1075709.0	0.169995
46872040	1511754823	sell	1075709.0	0.00825296
46872042	1511754823	buy	1075831.0	0.012
46872043	1511754823	buy	1075900.0	0.03502069
46872041	1511754823	buy	1075831.0	0.012
46872044	1511754823	sell	1075709.0	0.1
46872045	1511754824	sell	1075714.0	0.01
46872046	1511754826	sell	1075833.0	0.03
46872047	1511754826	sell	1075715.0	1.17
46872049	1511754826	sell	1075715.0	0.01
46872048	1511754826	sell	1075715.0	0.03
46872050	1511754826	sell	1075712.0	0.005
46872053	1511754826	sell	1075709.0	1.1457385
46872051	1511754826	sell	1075711.0	0.02569509
46872057	1511754826	sell	1075268.0	0.16782253
46872052	1511754826	sell	1075711.0	0.17192257
46872054	1511754826	sell	1075658.0	0.295227
46872055	1511754826	sell	1075400.0	0.3
46872056	1511754826	sell	1075269.0	0.01815606
46872066	1511754826	buy	1076200.0	0.16078358
46872065	1511754826	buy	1076197.0	0.11371769
46872064	1511754826	buy	1076192.0	0.01
46872062	1511754826	buy	1075884.0	0.2
46872063	1511754826	buy	1076067.0	0.03029873
46872058	1511754826	buy	1075900.0	0.01497931
46872059	1511754826	buy	1075924.0	0.03
46872060	1511754826	buy	1075943.0	0.005
46872061	1511754826	buy	1076067.0	0.25002069
46872068	1511754826	sell	1075272.0	0.00026859
46872067	1511754826	sell	1075710.0	0.01815606
46872073	1511754826	sell	1075272.0	0.01856079
46872070	1511754826	sell	1075272.0	0.16
46872072	1511754826	sell	1075272.0	0.07263378
46872069	1511754826	sell	1075272.0	0.15973141
46872071	1511754826	sell	1075272.0	0.02
46872074	1511754826	sell	1075466.0	0.01171039
46872080	1511754827	buy	1076020.0	0.2524
46872079	1511754827	buy	1075890.0	0.005
46872075	1511754827	sell	1075714.0	0.12
46872076	1511754827	sell	1075714.0	0.12
46872078	1511754827	sell	1075714.0	0.056
46872077	1511754827	sell	1075714.0	0.12
46872081	1511754827	buy	1075742.0	0.01204814
46872082	1511754827	sell	1075714.0	0.04758883
46872083	1511754827	sell	1075714.0	0.01641117
46872084	1511754827	sell	1075714.0	0.07646998
46872085	1511754827	buy	1075742.0	0.03995186
46872086	1511754827	sell	1075771.0	0.01
46872087	1511754827	sell	1075771.0	0.02
46872088	1511754827	sell	1075900.0	0.006
46872090	1511754827	sell	1075718.0	0.08
46872091	1511754827	sell	1075718.0	0.02
46872092	1511754827	buy	1075737.0	0.07355186
46872094	1511754827	buy	1076015.0	0.12
46872093	1511754827	buy	1076015.0	0.056
46872095	1511754827	buy	1076015.0	0.00784814
46872089	1511754827	sell	1075771.0	0.04044814
46872097	1511754827	sell	1075718.0	0.08
46872096	1511754827	sell	1075718.0	0.06
46872100	1511754827	sell	1075718.0	0.08
46872099	1511754827	sell	1075718.0	0.08
46872102	1511754827	sell	1075467.0	0.024
46872098	1511754827	sell	1075718.0	0.08
46872101	1511754827	sell	1075718.0	0.02
46872105	1511754827	buy	1075709.0	0.07
46872106	1511754828	buy	1075709.0	0.02
46872107	1511754828	buy	1075709.0	0.06
46872103	1511754828	buy	1075709.0	0.07
46872104	1511754828	buy	1075709.0	0.03
46872108	1511754828	buy	1076010.0	0.095
46872110	1511754828	sell	1075722.0	0.01
46872112	1511754828	sell	1075722.0	0.0654502
46872109	1511754828	sell	1075723.0	0.01
46872111	1511754828	sell	1075722.0	0.07
46872116	1511754828	sell	1075722.0	0.01
46872114	1511754828	sell	1075722.0	0.07
46872120	1511754828	sell	1075722.0	0.00367014
46872115	1511754828	sell	1075722.0	0.03632986
46872113	1511754828	sell	1075722.0	0.0045498
46872117	1511754828	sell	1075722.0	0.02
46872119	1511754828	sell	1075722.0	0.06632986
46872118	1511754828	sell	1075722.0	0.00367014
46872126	1511754828	buy	1075704.0	0.0185
46872124	1511754828	buy	1075704.0	0.06
46872121	1511754828	buy	1075704.0	0.15632986
46872127	1511754828	buy	1075704.0	0.0615
46872122	1511754828	buy	1075704.0	0.065
46872123	1511754828	buy	1075704.0	0.07
46872125	1511754828	buy	1075735.0	0.06144553
46872128	1511754828	sell	1075769.0	0.07
46872129	1511754828	buy	1075730.0	0.064
46872130	1511754828	sell	1075789.0	0.17119457
46872132	1511754828	sell	1075789.0	0.07
46872131	1511754828	sell	1075789.0	0.22646998
46872133	1511754828	sell	1075789.0	0.01
46872134	1511754828	sell	1075789.0	0.19143545
46872136	1511754828	sell	1075726.0	0.07
46872135	1511754828	sell	1075726.0	0.0085
46872137	1511754829	sell	1075710.0	0.0225
46872139	1511754829	sell	1075549.0	0.261
46872138	1511754829	sell	1075710.0	0.0275
46872140	1511754829	buy	1075720.0	0.0084
46872141	1511754830	buy	1075715.0	0.0383
46872142	1511754830	buy	1075710.0	0.012
46872143	1511754830	buy	1075710.0	0.0383
46872157	1511754830	buy	1075710.0	0.0317
46872161	1511754830	sell	1076607.0	0.08
46872159	1511754830	buy	1076607.0	0.011
46872160	1511754830	sell	1076607.0	0.0197
46872158	1511754830	buy	1076607.0	0.12168751
46872144	1511754830	buy	1075710.0	0.04
46872147	1511754830	buy	1075715.0	0.02
46872148	1511754830	buy	1075719.0	0.01815606
46872146	1511754830	buy	1075710.0	0.1416
46872145	1511754830	buy	1075710.0	0.08071641
46872151	1511754830	buy	1076052.0	0.04783272
46872152	1511754830	buy	1076200.0	0.00338232
46872154	1511754831	buy	1076350.0	0.05
46872149	1511754831	buy	1075734.0	0.005
46872155	1511754831	buy	1076371.0	0.005
46872162	1511754831	sell	1076607.0	0.1104
46872153	1511754831	buy	1076206.0	0.01
46872150	1511754831	buy	1075977.0	0.1
46872156	1511754831	buy	1076607.0	0.47831249
46872163	1511754831	sell	1076607.0	0.6
46872164	1511754831	sell	1076607.0	0.02551249
46872166	1511754831	sell	1076607.0	0.15528751
46872165	1511754831	sell	1076607.0	1.0
46872167	1511754831	sell	1076607.0	0.046
46872168	1511754831	sell	1076607.0	0.02
46872169	1511754831	buy	1076630.0	0.03
46872170	1511754831	sell	1076607.0	0.01
46872171	1511754831	sell	1076607.0	0.76871249
46872177	1511754831	sell	1075550.0	0.18982765
46872172	1511754831	sell	1075711.0	0.138
46872178	1511754831	sell	1075550.0	0.14435986
46872174	1511754831	sell	1075662.0	0.03
46872173	1511754831	sell	1075710.0	0.0191
46872176	1511754831	sell	1075550.0	0.3
46872175	1511754831	sell	1075554.0	0.01
46872180	1511754831	sell	1075550.0	0.45
46872181	1511754831	sell	1075549.0	0.1
46872179	1511754831	sell	1075751.0	0.25
46872182	1511754831	sell	1076612.0	0.01
46872183	1511754832	sell	1076140.0	0.3
46872184	1511754832	sell	1075554.0	0.22
46872185	1511754832	buy	1076491.0	0.0928141
46872186	1511754832	buy	1076491.0	0.04755448
46872188	1511754832	buy	1076578.0	0.22
46872187	1511754832	buy	1076491.0	0.26263142
46872189	1511754832	buy	1076582.0	0.14422148
46872190	1511754832	buy	1076606.0	0.0013471
46872192	1511754832	buy	1076582.0	0.0184096
46872191	1511754832	buy	1076582.0	0.0185438
46872197	1511754832	buy	1076716.0	0.00642
46872193	1511754833	buy	1076578.0	0.02
46872195	1511754833	buy	1076607.0	0.04
46872194	1511754833	buy	1076582.0	0.10726808
46872198	1511754833	buy	1076822.0	0.23312085
46872199	1511754833	buy	1076505.0	0.01853953
46872196	1511754833	buy	1076685.0	0.005
46872200	1511754833	buy	1076505.0	0.23146047
46872201	1511754833	buy	1076822.0	0.01169564
46872202	1511754833	buy	1076822.0	0.02785601
46872203	1511754833	sell	1076583.0	0.0466
46872205	1511754833	sell	1076822.0	0.155
46872204	1511754833	buy	1076822.0	0.02707533
46872207	1511754833	sell	1076587.0	0.06
46872210	1511754833	sell	1076587.0	0.06
46872206	1511754833	sell	1076822.0	0.04942467
46872208	1511754833	sell	1076587.0	0.06
46872209	1511754833	sell	1076587.0	0.06
46872211	1511754833	sell	1076587.0	0.00057533
46872234	1511754833	buy	1076163.0	0.06
46872235	1511754833	buy	1076163.0	0.06
46872237	1511754833	buy	1076163.0	0.06
46872231	1511754834	sell	1076189.0	0.25
46872230	1511754834	sell	1076257.0	0.20199301
46872236	1511754834	buy	1076163.0	0.06
46872233	1511754834	sell	1076164.0	0.14562515
46872232	1511754834	sell	1076187.0	0.1104
46872238	1511754834	buy	1076163.0	0.05198184
46872239	1511754834	buy	1076163.0	0.00801816
46872242	1511754834	buy	1076163.0	0.02
46872241	1511754834	buy	1076163.0	0.06
46872244	1511754834	buy	1076163.0	0.06
46872240	1511754834	buy	1076163.0	0.0168
46872243	1511754834	buy	1076163.0	0.06
46872216	1511754834	sell	1076587.0	0.02
46872212	1511754834	sell	1076588.0	0.016
46872218	1511754834	sell	1076587.0	0.06
46872214	1511754834	sell	1076587.0	0.06
46872217	1511754834	sell	1076587.0	0.06
46872213	1511754834	sell	1076587.0	0.05942467
46872220	1511754834	sell	1076587.0	0.06
46872245	1511754834	buy	1076163.0	0.06
46872221	1511754834	sell	1076587.0	0.06
46872225	1511754834	sell	1076587.0	0.02
46872228	1511754834	sell	1076271.0	0.011
46872224	1511754834	sell	1076587.0	0.06
46872219	1511754834	sell	1076587.0	0.06
46872227	1511754834	sell	1076343.0	0.03
46872229	1511754834	sell	1076257.0	0.09800699
46872222	1511754834	sell	1076587.0	0.06
46872246	1511754834	buy	1076163.0	0.06
46872248	1511754834	buy	1076163.0	0.02
46872249	1511754834	buy	1076163.0	0.06
46872215	1511754834	sell	1076587.0	0.06
46872223	1511754834	sell	1076587.0	0.06
46872226	1511754834	sell	1076584.0	0.14556834
46872247	1511754834	buy	1076163.0	0.009
46872251	1511754834	buy	1076163.0	0.06
46872252	1511754834	buy	1076163.0	0.06
46872250	1511754834	buy	1076163.0	0.06
46872253	1511754834	sell	1076160.0	0.01
46872254	1511754834	buy	1076163.0	0.06
46872256	1511754834	sell	1076160.0	0.016
46872255	1511754834	buy	1076163.0	0.06
46872258	1511754834	buy	1076163.0	0.06
46872257	1511754834	sell	1076160.0	0.155
46872259	1511754834	sell	1076160.0	0.05
46872261	1511754834	buy	1076158.0	0.00199761
46872262	1511754834	buy	1076158.0	0.01
46872260	1511754834	sell	1076160.0	0.069
46872275	1511754835	sell	1076051.0	0.04913888
46872276	1511754835	sell	1076051.0	0.01871189
46872264	1511754835	buy	1076158.0	0.06
46872265	1511754835	buy	1076158.0	0.06
46872269	1511754835	buy	1076158.0	0.18
46872266	1511754835	buy	1076158.0	0.06
46872271	1511754835	buy	1076158.0	0.06
46872263	1511754835	buy	1076158.0	0.06
46872272	1511754835	buy	1076158.0	0.18
46872267	1511754835	buy	1076158.0	0.06
46872268	1511754835	buy	1076158.0	0.06
46872270	1511754835	buy	1076158.0	0.18
46872273	1511754835	buy	1076162.0	0.14562542
46872274	1511754835	buy	1076162.0	0.09437458
46872277	1511754835	sell	1076051.0	0.00959222
46872278	1511754835	sell	1076051.0	0.01756296
46872289	1511754835	sell	1076051.0	0.18498746
46872290	1511754835	sell	1076051.0	0.01
46872283	1511754835	buy	1076153.0	0.12
46872285	1511754835	buy	1076153.0	0.06
46872281	1511754835	buy	1076153.0	0.06
46872279	1511754835	buy	1076060.0	0.25
46872287	1511754835	buy	1076162.0	0.14562542
46872288	1511754835	buy	1076163.0	0.01337458
46872284	1511754835	buy	1076153.0	0.06
46872282	1511754835	buy	1076153.0	0.18
46872280	1511754835	buy	1076100.0	0.05
46872292	1511754835	sell	1075910.0	0.03889541
46872291	1511754835	sell	1076051.0	0.01000659
46872286	1511754835	buy	1076153.0	0.06
46872293	1511754835	sell	1076056.0	0.01
46872294	1511754835	sell	1075910.0	0.05483448
46872295	1511754836	sell	1075910.0	0.20627011
46872296	1511754836	sell	1075823.0	0.07162352
46872298	1511754836	sell	1075732.0	0.3
46872299	1511754836	sell	1075658.0	0.47162352
46872297	1511754836	sell	1075823.0	0.22837648
46872300	1511754837	buy	1076045.0	0.06
46872301	1511754837	buy	1076045.0	0.03900239
46872302	1511754837	buy	1076045.0	0.02
46872306	1511754837	buy	1076163.0	0.19280726
46872304	1511754837	buy	1076160.0	0.012
46872303	1511754837	buy	1076158.0	0.036
46872307	1511754837	buy	1076163.0	0.32813013
46872305	1511754837	buy	1076160.0	0.012
46872308	1511754837	buy	1076040.0	0.0319
46872309	1511754838	sell	1075828.0	0.0185438
46872310	1511754838	buy	1076022.0	0.0319
46872311	1511754838	buy	1076017.0	0.054
46872313	1511754838	buy	1076017.0	0.01000021
46872312	1511754838	buy	1076017.0	0.053
46872314	1511754838	buy	1076017.0	0.0281
46872315	1511754838	buy	1076017.0	0.0256
46872316	1511754838	buy	1076012.0	0.03
46872317	1511754838	buy	1076012.0	0.0644
46872318	1511754838	buy	1076017.0	0.01
46872319	1511754838	buy	1076022.0	0.0785
46872320	1511754839	sell	1076160.0	0.0279
46872321	1511754839	sell	1076160.0	0.67186987
46872322	1511754839	buy	1076327.0	0.0531
46872323	1511754839	sell	1076160.0	0.2
46872324	1511754839	sell	1076160.0	0.94733013
46872325	1511754839	sell	1075828.0	0.006
46872330	1511754839	sell	1075550.0	0.75247903
46872329	1511754839	sell	1075662.0	0.12837648
46872331	1511754839	sell	1075550.0	0.24013656
46872332	1511754839	sell	1075549.0	2.02607673
46872327	1511754839	sell	1075672.0	0.026
46872326	1511754839	sell	1075828.0	0.0219312
46872328	1511754839	sell	1075669.0	0.005
46872333	1511754839	buy	1076160.0	0.005
46872334	1511754840	sell	1075868.0	0.00929854
46872335	1511754840	buy	1076160.0	0.05
46872337	1511754840	sell	1075812.0	0.09741276
46872336	1511754840	sell	1075868.0	0.24070146
46872339	1511754840	buy	1075660.0	0.04188578
46872340	1511754840	buy	1076155.0	0.005
46872338	1511754840	buy	1075660.0	0.02
46872341	1511754841	buy	1076008.0	0.049
46872343	1511754841	buy	1076017.0	0.3466
46872342	1511754841	buy	1076008.0	0.08
46872344	1511754841	buy	1076017.0	0.0531
46872347	1511754841	sell	1075876.0	0.02
46872346	1511754841	sell	1075876.0	0.07
46872349	1511754841	sell	1075876.0	0.07
46872351	1511754841	sell	1075876.0	0.07
46872355	1511754841	sell	1075558.0	0.01
46872350	1511754841	sell	1075876.0	0.07
46872353	1511754841	sell	1075876.0	0.07
46872345	1511754841	sell	1075926.0	0.0537
46872352	1511754841	sell	1075876.0	0.07
46872357	1511754841	sell	1075551.0	0.15719222
46872354	1511754841	sell	1075872.0	0.07
46872356	1511754841	sell	1075551.0	0.12837648
46872348	1511754841	sell	1075876.0	0.07
46872358	1511754842	buy	1075949.0	0.2133
46872359	1511754842	sell	1075878.0	0.01
46872360	1511754842	sell	1075549.0	0.913
46872361	1511754843	buy	1075883.0	0.005
46872365	1511754844	sell	1075551.0	0.3144313
46872362	1511754844	sell	1075569.0	0.06
46872367	1511754844	sell	1075549.0	0.96987152
46872368	1511754844	buy	1075765.0	0.035
46872371	1511754844	buy	1075797.0	0.07
46872375	1511754844	sell	1075569.0	0.06
46872377	1511754844	sell	1075549.0	0.88
46872363	1511754844	sell	1075569.0	0.06
46872373	1511754844	buy	1075797.0	0.02
46872374	1511754844	buy	1075882.0	0.29520021
46872372	1511754844	buy	1075797.0	0.14
46872364	1511754844	sell	1075569.0	0.06
46872370	1511754844	buy	1075797.0	0.07299979
46872376	1511754844	sell	1075569.0	0.06
46872366	1511754844	sell	1075550.0	0.55
46872369	1511754844	buy	1075788.0	0.007
46872378	1511754844	buy	1075760.0	0.05304358
46872379	1511754844	buy	1075760.0	0.03
46872381	1511754845	sell	1075549.0	0.1375687
46872380	1511754845	sell	1075551.0	0.3144313
46872387	1511754846	buy	1075750.0	0.031
46872382	1511754846	buy	1075568.0	0.02
46872384	1511754846	buy	1075568.0	0.06
46872386	1511754846	buy	1075711.0	0.04
46872385	1511754846	buy	1075711.0	0.01695642
46872383	1511754846	buy	1075568.0	0.06
46872389	1511754846	sell	1075549.0	0.1
46872388	1511754846	buy	1075754.0	0.09214358
46872391	1511754847	buy	1075567.0	0.041
46872390	1511754847	buy	1075563.0	0.01
46872392	1511754847	sell	1075554.0	0.016
46872393	1511754847	sell	1075416.0	0.1
46872394	1511754847	sell	1075415.0	0.0062529
46872396	1511754847	buy	1075558.0	0.0405
46872397	1511754847	buy	1075558.0	0.02
46872395	1511754847	buy	1075558.0	0.07
46872400	1511754847	buy	1075558.0	0.07
46872401	1511754847	buy	1075558.0	0.07
46872398	1511754847	buy	1075558.0	0.0595
46872402	1511754847	buy	1075558.0	0.01638578
46872399	1511754847	buy	1075558.0	0.0105
46872405	1511754847	sell	1075558.0	0.03538578
46872407	1511754847	sell	1075558.0	0.05177156
46872406	1511754847	sell	1075558.0	0.01822844
46872403	1511754847	sell	1075567.0	0.01638578
46872404	1511754847	sell	1075567.0	0.03461422
46872420	1511754848	buy	1075472.0	0.019
46872419	1511754848	buy	1075472.0	0.03
46872408	1511754848	sell	1075558.0	0.07
46872411	1511754848	sell	1075558.0	0.02
46872409	1511754848	sell	1075558.0	0.07
46872413	1511754848	sell	1075558.0	0.07
46872415	1511754848	sell	1075558.0	0.07
46872412	1511754848	sell	1075558.0	0.07
46872410	1511754848	sell	1075558.0	0.07
46872414	1511754848	sell	1075558.0	0.07
46872418	1511754848	sell	1075554.0	0.01
46872417	1511754848	sell	1075558.0	0.07
46872416	1511754848	sell	1075558.0	0.07
46872422	1511754849	buy	1075462.0	0.039
46872421	1511754849	buy	1075462.0	0.07
46872423	1511754849	sell	1075421.0	0.01
46872425	1511754849	sell	1075211.0	0.29
46872424	1511754849	sell	1075359.0	0.1
46872427	1511754849	buy	1075457.0	0.07
46872428	1511754849	buy	1075457.0	0.036
46872426	1511754849	buy	1075455.0	0.015
46872429	1511754849	buy	1075457.0	0.128
46872430	1511754849	buy	1075450.0	0.015
46872432	1511754849	buy	1075450.0	0.01
46872431	1511754849	buy	1075450.0	0.02
46872433	1511754849	buy	1075445.0	0.0735
46872437	1511754850	buy	1075440.0	0.0188
46872436	1511754850	buy	1075440.0	0.104
46872434	1511754850	buy	1075440.0	0.07
46872435	1511754850	buy	1075440.0	0.012
46872439	1511754850	sell	1075212.0	0.13569069
46872438	1511754850	sell	1075212.0	0.1
46872440	1511754850	buy	1075435.0	0.05
46872441	1511754851	buy	1075435.0	0.005
46872456	1511754851	buy	1075440.0	0.026
46872457	1511754851	sell	1075440.0	0.02
46872458	1511754851	sell	1075440.0	0.004
46872445	1511754851	sell	1075221.0	0.06
46872446	1511754851	sell	1075217.0	0.01
46872443	1511754851	sell	1075221.0	0.06
46872442	1511754851	sell	1075371.0	0.005
46872444	1511754851	sell	1075221.0	0.06
46872451	1511754851	sell	1075216.0	0.06
46872454	1511754851	sell	1075216.0	0.06
46872448	1511754851	sell	1075216.0	0.06
46872452	1511754851	sell	1075216.0	0.06
46872455	1511754851	sell	1075212.0	0.365
46872449	1511754851	sell	1075216.0	0.06
46872453	1511754851	sell	1075216.0	0.06
46872447	1511754851	sell	1075216.0	0.06
46872450	1511754851	sell	1075216.0	0.02
46872459	1511754851	sell	1075272.0	0.018
46872460	1511754852	sell	1075222.0	0.00418039
46872461	1511754852	sell	1075222.0	0.025
46872462	1511754852	buy	1075257.0	0.023
46872463	1511754853	buy	1075242.0	0.15461422
46872464	1511754853	buy	1075242.0	0.04868578
46872466	1511754854	sell	1075222.0	0.07081961
46872468	1511754854	sell	1075212.0	0.99930931
46872469	1511754854	sell	1075212.0	0.01987108
46872467	1511754854	sell	1075213.0	0.1
46872465	1511754854	sell	1075227.0	0.01
46872470	1511754854	buy	1075232.0	0.06427156
46872476	1511754854	buy	1075232.0	0.09008966
46872471	1511754854	buy	1075232.0	0.02
46872474	1511754854	buy	1075295.0	0.19921319
46872475	1511754854	buy	1075430.0	0.08201525
46872473	1511754854	buy	1075249.0	0.1105
46872472	1511754854	buy	1075237.0	0.12
46872478	1511754854	sell	1075229.0	0.0248
46872477	1511754854	sell	1075230.0	0.032
46872479	1511754854	sell	1075223.0	0.07329377
46872481	1511754855	buy	1075232.0	0.03111034
46872480	1511754855	buy	1075232.0	0.02
46872482	1511754855	sell	1075295.0	0.06
46872483	1511754855	sell	1075295.0	0.01131422
46872484	1511754855	sell	1075295.0	0.12
46872485	1511754855	buy	1075430.0	0.01798475
46872486	1511754855	buy	1075462.0	0.00201525
46872487	1511754855	buy	1075462.0	0.0246
46872488	1511754855	buy	1075462.0	0.1601
46872490	1511754855	buy	1075461.0	0.0004
46872489	1511754855	buy	1075457.0	0.01
46872491	1511754856	buy	1075461.0	0.21718681
46872492	1511754857	buy	1075461.0	0.0231
46872493	1511754857	sell	1075306.0	0.026
46872494	1511754857	sell	1075302.0	0.079
46872495	1511754858	buy	1075461.0	0.107
46872497	1511754859	buy	1075461.0	0.0166
46872496	1511754859	buy	1075456.0	0.016
46872498	1511754862	sell	1075456.0	0.01
46872499	1511754862	buy	1075461.0	0.005
46872502	1511754862	sell	1075292.0	0.01173417
46872501	1511754863	sell	1075301.0	0.005
46872504	1511754863	sell	1075217.0	0.95226583
46872500	1511754863	sell	1075456.0	0.015
46872503	1511754863	sell	1075222.0	0.016
46872505	1511754863	sell	1075378.0	0.01
46872506	1511754863	sell	1075341.0	0.09
46872507	1511754864	buy	1075287.0	0.005
46872508	1511754865	sell	1075280.0	0.068
46872509	1511754865	sell	1075222.0	0.046475
46872510	1511754865	buy	1075226.0	0.3603
